store_id,month,category,revenue,transaction_count,units_sold
1001,2024-08,Grocery,743746.45,8808,36857
1001,2024-08,Fresh Produce,325628.53,3431,14936
1001,2024-08,Meat & Seafood,523281.46,6888,25078
1001,2024-08,Bakery,195699.78,2308,9668
1001,2024-08,Frozen Foods,308536.87,4225,15520
1001,2024-08,Beverages,382491.29,4688,14307
1001,2024-08,Household,437524.27,4883,12360
1001,2024-08,Electronics,234570.63,2382,7353
1001,2024-08,Health & Beauty,199183.92,2502,9287
1001,2024-08,Home & Garden,123098.66,1534,6642
1001,2024-08,Apparel,113236.44,1487,4001
1001,2024-08,Gas Station,234953.22,4634,17756
1002,2024-08,Grocery,817642.0,7652,34001
1002,2024-08,Fresh Produce,400674.45,4934,14663
1002,2024-08,Meat & Seafood,591502.54,6530,22062
1002,2024-08,Bakery,201389.0,2404,8295
1002,2024-08,Frozen Foods,315149.51,4372,12148
1002,2024-08,Beverages,407686.66,5214,15152
1002,2024-08,Household,529790.1,6317,24570
1002,2024-08,Electronics,277596.01,3361,10389
1002,2024-08,Health & Beauty,206972.59,2409,7074
1002,2024-08,Home & Garden,120722.89,1556,4899
1002,2024-08,Apparel,117608.95,1338,5771
1002,2024-08,Gas Station,217991.77,5255,13142
1003,2024-08,Grocery,591508.93,6249,17680
1003,2024-08,Fresh Produce,284524.68,4332,16829
1003,2024-08,Meat & Seafood,435988.69,4710,13360
1003,2024-08,Bakery,160965.43,1617,5348
1003,2024-08,Frozen Foods,253525.65,2974,8903
1003,2024-08,Beverages,334385.51,4329,12104
1003,2024-08,Household,379358.05,4616,11845
1003,2024-08,Electronics,229002.74,2309,8915
1003,2024-08,Health & Beauty,138764.1,1874,6757
1003,2024-08,Home & Garden,97618.92,1167,3780
1003,2024-08,Apparel,98608.29,1088,3743
1003,2024-08,Gas Station,181948.75,4131,17072
1004,2024-08,Grocery,1075550.75,15100,63672
1004,2024-08,Fresh Produce,508733.65,5328,20898
1004,2024-08,Meat & Seafood,734095.22,8173,22004
1004,2024-08,Bakery,278365.58,3227,11409
1004,2024-08,Frozen Foods,435261.31,5367,21309
1004,2024-08,Beverages,552242.99,6630,25801
1004,2024-08,Household,587641.18,6480,28928
1004,2024-08,Electronics,349524.41,3408,15310
1004,2024-08,Health & Beauty,265466.95,3142,13401
1004,2024-08,Home & Garden,173129.94,1914,7465
1004,2024-08,Apparel,151635.65,1803,5966
1004,2024-08,Gas Station,305086.46,7358,23873
1005,2024-08,Grocery,668068.73,6999,24295
1005,2024-08,Fresh Produce,339831.81,3991,11381
1005,2024-08,Meat & Seafood,505813.66,5722,16351
1005,2024-08,Bakery,187470.28,2043,8053
1005,2024-08,Frozen Foods,286952.0,2739,9634
1005,2024-08,Beverages,328181.17,4139,15230
1005,2024-08,Household,421372.53,5162,22259
1005,2024-08,Electronics,215783.05,2323,8804
1005,2024-08,Health & Beauty,183139.54,2239,6628
1005,2024-08,Home & Garden,128080.29,1502,6063
1005,2024-08,Apparel,96005.4,1102,4702
1005,2024-08,Gas Station,208145.88,3726,13579
1006,2024-08,Grocery,708270.18,8239,26738
1006,2024-08,Fresh Produce,319782.01,4174,18198
1006,2024-08,Meat & Seafood,516826.94,5382,16190
1006,2024-08,Bakery,195195.82,2060,8646
1006,2024-08,Frozen Foods,274749.71,3367,12140
1006,2024-08,Beverages,351739.0,3862,11633
1006,2024-08,Household,400981.41,4371,10972
1006,2024-08,Electronics,250644.4,2599,6866
1006,2024-08,Health & Beauty,187031.87,2078,8879
1006,2024-08,Home & Garden,116063.36,1374,4639
1006,2024-08,Apparel,107267.11,1110,3119
1006,2024-08,Gas Station,222499.87,4740,12218
1007,2024-08,Grocery,843646.26,8058,25409
1007,2024-08,Fresh Produce,387130.19,4908,21744
1007,2024-08,Meat & Seafood,632969.8,7334,21186
1007,2024-08,Bakery,224478.99,2445,6789
1007,2024-08,Frozen Foods,309898.46,2920,11645
1007,2024-08,Beverages,399293.92,4425,11778
1007,2024-08,Household,541672.18,5940,15541
1007,2024-08,Electronics,280217.87,3570,10637
1007,2024-08,Health & Beauty,209144.19,2602,9193
1007,2024-08,Home & Garden,127409.91,1787,7076
1007,2024-08,Apparel,124881.65,1382,3893
1007,2024-08,Gas Station,234280.74,4781,12830
1008,2024-08,Grocery,820950.87,9127,31299
1008,2024-08,Fresh Produce,428609.9,4830,21243
1008,2024-08,Meat & Seafood,613732.68,6986,17678
1008,2024-08,Bakery,217179.76,2555,9143
1008,2024-08,Frozen Foods,351404.04,4536,19902
1008,2024-08,Beverages,455942.81,5992,23095
1008,2024-08,Household,521403.89,5499,22669
1008,2024-08,Electronics,290754.74,3573,14795
1008,2024-08,Health & Beauty,223651.72,2329,7098
1008,2024-08,Home & Garden,139446.8,1551,3998
1008,2024-08,Apparel,118930.76,1183,4508
1008,2024-08,Gas Station,256964.03,6598,20989
1009,2024-08,Grocery,781764.17,7618,29601
1009,2024-08,Fresh Produce,385728.4,4454,11484
1009,2024-08,Meat & Seafood,576315.74,6726,24186
1009,2024-08,Bakery,212143.0,2027,7402
1009,2024-08,Frozen Foods,303517.45,3707,11121
1009,2024-08,Beverages,411865.08,4956,17959
1009,2024-08,Household,487680.78,5099,20293
1009,2024-08,Electronics,257835.28,2626,9371
1009,2024-08,Health & Beauty,171679.05,2004,6202
1009,2024-08,Home & Garden,127715.63,1483,5714
1009,2024-08,Apparel,109550.01,855,2279
1009,2024-08,Gas Station,227349.29,4645,16756
1010,2024-08,Grocery,785399.52,9539,37313
1010,2024-08,Fresh Produce,403539.94,4790,20007
1010,2024-08,Meat & Seafood,560835.58,5648,18600
1010,2024-08,Bakery,190213.84,1883,6896
1010,2024-08,Frozen Foods,311517.59,3771,13891
1010,2024-08,Beverages,384233.85,5120,17732
1010,2024-08,Household,443227.24,5985,17939
1010,2024-08,Electronics,252150.13,2751,8273
1010,2024-08,Health & Beauty,175743.66,2366,9421
1010,2024-08,Home & Garden,112233.12,1405,5603
1010,2024-08,Apparel,119478.01,1250,4125
1010,2024-08,Gas Station,231514.6,4709,16748
1011,2024-08,Grocery,870415.2,9946,44317
1011,2024-08,Fresh Produce,354117.29,4415,11420
1011,2024-08,Meat & Seafood,611580.97,6427,17037
1011,2024-08,Bakery,198952.67,2210,6826
1011,2024-08,Frozen Foods,349436.53,3822,16551
1011,2024-08,Beverages,389679.87,4476,14194
1011,2024-08,Household,500338.57,5273,17277
1011,2024-08,Electronics,266626.37,2862,9217
1011,2024-08,Health & Beauty,200465.64,1966,5042
1011,2024-08,Home & Garden,126198.79,1247,4620
1011,2024-08,Apparel,118305.4,1335,3540
1011,2024-08,Gas Station,232885.57,5511,20183
1012,2024-08,Grocery,880905.6,10042,40722
1012,2024-08,Fresh Produce,378475.76,4604,14979
1012,2024-08,Meat & Seafood,602567.21,6652,27661
1012,2024-08,Bakery,224403.57,2456,6320
1012,2024-08,Frozen Foods,336830.44,4049,14449
1012,2024-08,Beverages,408596.6,4960,18204
1012,2024-08,Household,507341.48,6520,21227
1012,2024-08,Electronics,296314.5,3228,9693
1012,2024-08,Health & Beauty,202572.35,2175,9257
1012,2024-08,Home & Garden,129500.4,993,4133
1012,2024-08,Apparel,123936.4,1594,7070
1012,2024-08,Gas Station,233920.35,4905,16387
1013,2024-08,Grocery,1069688.81,14110,57993
1013,2024-08,Fresh Produce,504468.09,6411,28598
1013,2024-08,Meat & Seafood,808204.14,10719,38691
1013,2024-08,Bakery,262974.02,2953,10615
1013,2024-08,Frozen Foods,433533.68,5047,15625
1013,2024-08,Beverages,568922.92,6845,28016
1013,2024-08,Household,661086.44,7665,30950
1013,2024-08,Electronics,326308.79,4301,12551
1013,2024-08,Health & Beauty,236087.38,3031,10834
1013,2024-08,Home & Garden,185679.4,1943,6413
1013,2024-08,Apparel,148752.28,1848,7194
1013,2024-08,Gas Station,313559.28,6804,24021
1014,2024-08,Grocery,863092.36,10779,34386
1014,2024-08,Fresh Produce,396337.66,4552,16375
1014,2024-08,Meat & Seafood,608305.96,5620,24101
1014,2024-08,Bakery,217469.14,2462,7738
1014,2024-08,Frozen Foods,325363.06,3811,14769
1014,2024-08,Beverages,404977.07,4180,13604
1014,2024-08,Household,509934.91,6108,27318
1014,2024-08,Electronics,277185.0,3521,10465
1014,2024-08,Health & Beauty,212762.73,2551,10053
1014,2024-08,Home & Garden,146536.35,1792,7506
1014,2024-08,Apparel,122228.47,1386,4565
1014,2024-08,Gas Station,254831.17,5829,16697
1015,2024-08,Grocery,911323.57,10960,29355
1015,2024-08,Fresh Produce,380662.49,4570,14559
1015,2024-08,Meat & Seafood,551913.37,6239,23693
1015,2024-08,Bakery,242708.72,2677,10637
1015,2024-08,Frozen Foods,379924.2,5091,18474
1015,2024-08,Beverages,397328.32,4143,17811
1015,2024-08,Household,479577.64,5978,20902
1015,2024-08,Electronics,299716.14,3457,8694
1015,2024-08,Health & Beauty,208405.33,2143,7448
1015,2024-08,Home & Garden,143113.51,1708,4288
1015,2024-08,Apparel,128967.47,1585,6254
1015,2024-08,Gas Station,254299.03,6121,21852
1016,2024-08,Grocery,1032404.41,11041,43860
1016,2024-08,Fresh Produce,513580.06,7158,28886
1016,2024-08,Meat & Seafood,756459.64,8911,38887
1016,2024-08,Bakery,247863.04,3173,10275
1016,2024-08,Frozen Foods,379801.02,5391,19395
1016,2024-08,Beverages,468010.01,5851,15655
1016,2024-08,Household,590612.34,6898,25606
1016,2024-08,Electronics,334482.9,3851,16179
1016,2024-08,Health & Beauty,261280.3,2901,12665
1016,2024-08,Home & Garden,178379.98,2238,8824
1016,2024-08,Apparel,154056.24,1908,7821
1016,2024-08,Gas Station,308473.47,6551,19465
1017,2024-08,Grocery,658989.32,7941,24874
1017,2024-08,Fresh Produce,331060.23,4216,14350
1017,2024-08,Meat & Seafood,470129.99,5694,21342
1017,2024-08,Bakery,140373.89,1900,6944
1017,2024-08,Frozen Foods,238778.54,2355,8392
1017,2024-08,Beverages,281340.13,3784,11978
1017,2024-08,Household,398706.71,5202,14739
1017,2024-08,Electronics,215899.78,2807,11180
1017,2024-08,Health & Beauty,165428.71,2142,8690
1017,2024-08,Home & Garden,99874.74,1125,4419
1017,2024-08,Apparel,103136.1,1208,3268
1017,2024-08,Gas Station,162174.83,3847,13133
1018,2024-08,Grocery,1103452.31,11659,38683
1018,2024-08,Fresh Produce,540730.21,7207,28340
1018,2024-08,Meat & Seafood,776609.95,10216,45135
1018,2024-08,Bakery,249539.92,2589,8665
1018,2024-08,Frozen Foods,378898.15,4820,20840
1018,2024-08,Beverages,453498.28,5798,21370
1018,2024-08,Household,560808.8,7392,24015
1018,2024-08,Electronics,344612.95,3799,10913
1018,2024-08,Health & Beauty,239077.41,2679,8366
1018,2024-08,Home & Garden,164363.09,2037,6637
1018,2024-08,Apparel,137097.15,1484,6048
1018,2024-08,Gas Station,291236.44,5879,19571
1019,2024-08,Grocery,715127.43,6070,26325
1019,2024-08,Fresh Produce,363961.34,4317,18673
1019,2024-08,Meat & Seafood,571489.94,5694,16119
1019,2024-08,Bakery,186899.31,2398,7050
1019,2024-08,Frozen Foods,311395.06,3119,13882
1019,2024-08,Beverages,431859.38,4252,17948
1019,2024-08,Household,434104.19,5183,16063
1019,2024-08,Electronics,252171.9,2488,8343
1019,2024-08,Health & Beauty,188364.32,2466,8474
1019,2024-08,Home & Garden,115177.48,1553,6480
1019,2024-08,Apparel,106716.69,1343,5275
1019,2024-08,Gas Station,250026.83,6639,22985
1020,2024-08,Grocery,852736.38,9732,25799
1020,2024-08,Fresh Produce,395017.94,4262,18304
1020,2024-08,Meat & Seafood,642839.11,8632,38480
1020,2024-08,Bakery,214709.41,2834,8524
1020,2024-08,Frozen Foods,304284.75,3588,13240
1020,2024-08,Beverages,396646.57,5045,21566
1020,2024-08,Household,463945.58,6395,26287
1020,2024-08,Electronics,296588.67,3493,14369
1020,2024-08,Health & Beauty,214032.18,2448,7706
1020,2024-08,Home & Garden,129339.37,1556,6180
1020,2024-08,Apparel,123442.04,1500,5861
1020,2024-08,Gas Station,256055.84,5819,18456
1021,2024-08,Grocery,1012280.79,13205,33916
1021,2024-08,Fresh Produce,485471.61,6291,25463
1021,2024-08,Meat & Seafood,781365.08,8860,26039
1021,2024-08,Bakery,261163.26,2772,12392
1021,2024-08,Frozen Foods,386765.67,4494,15592
1021,2024-08,Beverages,562084.62,6670,25997
1021,2024-08,Household,579400.7,6496,24620
1021,2024-08,Electronics,333854.82,3840,16516
1021,2024-08,Health & Beauty,273292.74,3585,14860
1021,2024-08,Home & Garden,176927.37,2107,7366
1021,2024-08,Apparel,154249.46,1691,5909
1021,2024-08,Gas Station,289498.91,6635,18445
1022,2024-08,Grocery,788516.34,8435,31767
1022,2024-08,Fresh Produce,413264.37,6204,25909
1022,2024-08,Meat & Seafood,588369.22,7893,26394
1022,2024-08,Bakery,201405.4,2457,7048
1022,2024-08,Frozen Foods,328479.15,3921,10337
1022,2024-08,Beverages,408448.14,4697,20342
1022,2024-08,Household,525580.27,6645,29228
1022,2024-08,Electronics,301948.89,3737,10351
1022,2024-08,Health & Beauty,205300.24,1991,7127
1022,2024-08,Home & Garden,131355.34,1589,6662
1022,2024-08,Apparel,122174.63,1368,4362
1022,2024-08,Gas Station,264794.73,5268,20597
1023,2024-08,Grocery,579439.39,8386,22238
1023,2024-08,Fresh Produce,287427.16,3158,12994
1023,2024-08,Meat & Seafood,442641.5,6220,16628
1023,2024-08,Bakery,161806.57,2034,8030
1023,2024-08,Frozen Foods,243749.72,2870,12360
1023,2024-08,Beverages,324682.17,4212,10964
1023,2024-08,Household,359237.24,4275,15717
1023,2024-08,Electronics,186589.97,2133,5846
1023,2024-08,Health & Beauty,145813.35,1821,4972
1023,2024-08,Home & Garden,103908.08,1178,4700
1023,2024-08,Apparel,90919.83,998,3537
1023,2024-08,Gas Station,186631.14,4685,15129
1024,2024-08,Grocery,847135.13,10045,33972
1024,2024-08,Fresh Produce,375718.16,5058,20778
1024,2024-08,Meat & Seafood,485321.08,6875,27333
1024,2024-08,Bakery,190768.23,1650,7017
1024,2024-08,Frozen Foods,308870.25,3236,14499
1024,2024-08,Beverages,328328.72,4110,10850
1024,2024-08,Household,443157.82,6567,19985
1024,2024-08,Electronics,245063.1,2650,8407
1024,2024-08,Health & Beauty,184380.16,2546,6382
1024,2024-08,Home & Garden,120204.14,1150,4836
1024,2024-08,Apparel,110075.23,1381,4218
1024,2024-08,Gas Station,231472.15,5017,13791
1025,2024-08,Grocery,657240.48,6547,29230
1025,2024-08,Fresh Produce,310572.44,3992,17195
1025,2024-08,Meat & Seafood,456821.89,5019,20957
1025,2024-08,Bakery,164750.09,1840,5042
1025,2024-08,Frozen Foods,254058.14,2839,7306
1025,2024-08,Beverages,327856.25,4317,12660
1025,2024-08,Household,431521.77,5315,18868
1025,2024-08,Electronics,218523.63,2131,7420
1025,2024-08,Health & Beauty,177675.06,1951,7795
1025,2024-08,Home & Garden,101598.47,1329,4362
1025,2024-08,Apparel,95018.76,920,2381
1025,2024-08,Gas Station,188438.88,4103,16290
1001,2024-09,Grocery,629159.95,7435,32894
1001,2024-09,Fresh Produce,229128.76,2707,11675
1001,2024-09,Meat & Seafood,373174.99,5209,18687
1001,2024-09,Bakery,171041.11,2094,7418
1001,2024-09,Frozen Foods,271266.87,3070,8641
1001,2024-09,Beverages,337585.27,3787,11275
1001,2024-09,Household,375585.14,4008,17087
1001,2024-09,Electronics,230089.67,2695,11475
1001,2024-09,Health & Beauty,168868.85,2032,5084
1001,2024-09,Home & Garden,104350.89,1420,4284
1001,2024-09,Apparel,100271.68,1256,3430
1001,2024-09,Gas Station,141315.8,3070,9414
1002,2024-09,Grocery,834683.35,9495,39691
1002,2024-09,Fresh Produce,283333.52,3200,12823
1002,2024-09,Meat & Seafood,439228.42,5421,21910
1002,2024-09,Bakery,217019.55,2802,9658
1002,2024-09,Frozen Foods,324835.65,4551,17271
1002,2024-09,Beverages,382649.63,5124,13482
1002,2024-09,Household,490701.65,6423,26575
1002,2024-09,Electronics,282845.52,2919,12810
1002,2024-09,Health & Beauty,222737.44,2648,8200
1002,2024-09,Home & Garden,136963.73,1704,5044
1002,2024-09,Apparel,128197.16,1544,6507
1002,2024-09,Gas Station,180350.94,3780,11874
1003,2024-09,Grocery,722574.24,8801,34586
1003,2024-09,Fresh Produce,245810.49,2555,9163
1003,2024-09,Meat & Seafood,422062.85,4757,12759
1003,2024-09,Bakery,169023.28,1956,6964
1003,2024-09,Frozen Foods,260670.86,3224,14298
1003,2024-09,Beverages,341942.82,3957,9902
1003,2024-09,Household,387792.48,5309,15900
1003,2024-09,Electronics,253223.8,2536,7155
1003,2024-09,Health & Beauty,175935.5,1795,6606
1003,2024-09,Home & Garden,117244.0,1420,3974
1003,2024-09,Apparel,103704.9,1459,4801
1003,2024-09,Gas Station,161367.75,4021,17713
1004,2024-09,Grocery,1067525.64,13148,52569
1004,2024-09,Fresh Produce,373280.53,4412,15286
1004,2024-09,Meat & Seafood,551778.38,5747,23284
1004,2024-09,Bakery,276961.52,3288,8762
1004,2024-09,Frozen Foods,411641.74,5363,16862
1004,2024-09,Beverages,551187.07,6842,17668
1004,2024-09,Household,643484.12,7670,21080
1004,2024-09,Electronics,362108.94,4635,17303
1004,2024-09,Health & Beauty,243276.72,3108,13583
1004,2024-09,Home & Garden,169861.9,2102,8548
1004,2024-09,Apparel,155438.26,2270,8675
1004,2024-09,Gas Station,277290.2,6884,28001
1005,2024-09,Grocery,532285.66,6123,24183
1005,2024-09,Fresh Produce,180203.55,2487,8601
1005,2024-09,Meat & Seafood,303250.53,3011,10358
1005,2024-09,Bakery,140255.74,1744,5872
1005,2024-09,Frozen Foods,217170.82,2684,9357
1005,2024-09,Beverages,239852.07,2772,8152
1005,2024-09,Household,307612.11,3132,13094
1005,2024-09,Electronics,177841.84,2328,8747
1005,2024-09,Health & Beauty,131401.73,1680,5896
1005,2024-09,Home & Garden,88543.31,1140,4190
1005,2024-09,Apparel,91715.09,1070,3972
1005,2024-09,Gas Station,124208.81,3123,11898
1006,2024-09,Grocery,696011.19,6920,23746
1006,2024-09,Fresh Produce,261105.44,3263,13221
1006,2024-09,Meat & Seafood,434748.13,4326,16287
1006,2024-09,Bakery,188016.32,1697,5644
1006,2024-09,Frozen Foods,295800.6,3223,8685
1006,2024-09,Beverages,401672.43,3947,14441
1006,2024-09,Household,430799.58,5207,19808
1006,2024-09,Electronics,241740.88,2381,10038
1006,2024-09,Health & Beauty,186029.75,2168,8016
1006,2024-09,Home & Garden,110594.13,1229,3649
1006,2024-09,Apparel,110684.93,1431,4524
1006,2024-09,Gas Station,193804.79,4052,11311
1007,2024-09,Grocery,792078.06,8110,30096
1007,2024-09,Fresh Produce,281303.4,3476,14125
1007,2024-09,Meat & Seafood,407318.49,4567,19311
1007,2024-09,Bakery,230258.98,3138,8059
1007,2024-09,Frozen Foods,377149.13,3888,11119
1007,2024-09,Beverages,435963.33,6008,19794
1007,2024-09,Household,526773.16,7419,18805
1007,2024-09,Electronics,284349.48,2828,10020
1007,2024-09,Health & Beauty,216652.17,2657,7310
1007,2024-09,Home & Garden,121133.23,1434,4050
1007,2024-09,Apparel,127564.11,1590,4471
1007,2024-09,Gas Station,192634.24,4625,20614
1008,2024-09,Grocery,706811.31,8293,24781
1008,2024-09,Fresh Produce,258117.41,3087,12462
1008,2024-09,Meat & Seafood,387454.62,4439,19253
1008,2024-09,Bakery,183104.76,2184,9071
1008,2024-09,Frozen Foods,296110.09,4116,13159
1008,2024-09,Beverages,361314.41,3778,11848
1008,2024-09,Household,419149.13,5032,15485
1008,2024-09,Electronics,245210.33,2658,10712
1008,2024-09,Health & Beauty,176625.76,2237,9625
1008,2024-09,Home & Garden,111604.32,1411,5979
1008,2024-09,Apparel,98741.73,1057,4014
1008,2024-09,Gas Station,178093.93,3379,12568
1009,2024-09,Grocery,682239.04,9801,35199
1009,2024-09,Fresh Produce,246079.13,2807,10313
1009,2024-09,Meat & Seafood,349070.13,4291,17244
1009,2024-09,Bakery,153396.39,2371,10439
1009,2024-09,Frozen Foods,259447.64,3079,9212
1009,2024-09,Beverages,304649.6,2718,9781
1009,2024-09,Household,378173.52,4829,17106
1009,2024-09,Electronics,230948.62,2643,11347
1009,2024-09,Health & Beauty,172101.09,1784,5163
1009,2024-09,Home & Garden,111537.77,1128,3195
1009,2024-09,Apparel,96669.9,1189,4565
1009,2024-09,Gas Station,171841.05,3840,14061
1010,2024-09,Grocery,779511.25,8731,28810
1010,2024-09,Fresh Produce,262433.89,3106,13103
1010,2024-09,Meat & Seafood,404422.81,5002,15458
1010,2024-09,Bakery,186978.07,2315,10036
1010,2024-09,Frozen Foods,295226.59,3421,14133
1010,2024-09,Beverages,394042.12,3580,9754
1010,2024-09,Household,520628.48,6378,26069
1010,2024-09,Electronics,247844.38,3055,9841
1010,2024-09,Health & Beauty,194129.85,2344,8469
1010,2024-09,Home & Garden,117877.25,1240,4915
1010,2024-09,Apparel,117973.36,1511,6223
1010,2024-09,Gas Station,177620.39,4117,13783
1011,2024-09,Grocery,696025.57,8122,29001
1011,2024-09,Fresh Produce,272243.72,3027,8961
1011,2024-09,Meat & Seafood,369044.46,4584,13815
1011,2024-09,Bakery,168593.77,1874,5216
1011,2024-09,Frozen Foods,289160.48,3628,13973
1011,2024-09,Beverages,330741.62,3164,12494
1011,2024-09,Household,387756.2,4739,15043
1011,2024-09,Electronics,258469.65,3092,9368
1011,2024-09,Health & Beauty,181514.02,2376,7846
1011,2024-09,Home & Garden,124567.66,1254,4682
1011,2024-09,Apparel,100982.6,1335,5125
1011,2024-09,Gas Station,168466.13,3817,11612
1012,2024-09,Grocery,777074.16,9937,29429
1012,2024-09,Fresh Produce,240448.76,2775,7227
1012,2024-09,Meat & Seafood,357919.5,3650,16392
1012,2024-09,Bakery,161659.22,1782,6523
1012,2024-09,Frozen Foods,305406.51,3842,10914
1012,2024-09,Beverages,330396.28,3178,13168
1012,2024-09,Household,429493.41,5246,17128
1012,2024-09,Electronics,234447.4,2975,11433
1012,2024-09,Health & Beauty,177015.9,1999,8147
1012,2024-09,Home & Garden,116354.86,1506,5291
1012,2024-09,Apparel,105918.13,1195,3804
1012,2024-09,Gas Station,157104.62,3075,9157
1013,2024-09,Grocery,868917.74,10420,44250
1013,2024-09,Fresh Produce,310696.22,3819,13936
1013,2024-09,Meat & Seafood,455876.76,4293,15035
1013,2024-09,Bakery,230011.96,2945,11061
1013,2024-09,Frozen Foods,307100.2,3747,14773
1013,2024-09,Beverages,477012.95,5409,22379
1013,2024-09,Household,508621.64,5724,25269
1013,2024-09,Electronics,286837.86,3614,13192
1013,2024-09,Health & Beauty,218108.17,2060,7648
1013,2024-09,Home & Garden,137240.96,1531,6744
1013,2024-09,Apparel,136143.34,1683,4617
1013,2024-09,Gas Station,216240.35,5262,15602
1014,2024-09,Grocery,565375.11,6006,26263
1014,2024-09,Fresh Produce,197344.14,2468,10372
1014,2024-09,Meat & Seafood,276671.03,3663,11988
1014,2024-09,Bakery,130359.25,1576,4607
1014,2024-09,Frozen Foods,241764.82,2816,10529
1014,2024-09,Beverages,270951.51,2632,7478
1014,2024-09,Household,322271.49,3578,13894
1014,2024-09,Electronics,204376.5,2728,8068
1014,2024-09,Health & Beauty,134538.25,1471,4188
1014,2024-09,Home & Garden,93627.04,1148,4533
1014,2024-09,Apparel,81980.77,1092,4158
1014,2024-09,Gas Station,135195.29,2351,8142
1015,2024-09,Grocery,741583.55,8521,34771
1015,2024-09,Fresh Produce,268611.62,3712,10688
1015,2024-09,Meat & Seafood,442043.01,4403,18354
1015,2024-09,Bakery,207001.11,2144,5637
1015,2024-09,Frozen Foods,323011.69,3753,11377
1015,2024-09,Beverages,385104.64,4526,13723
1015,2024-09,Household,524803.62,5933,22565
1015,2024-09,Electronics,275108.57,3379,14256
1015,2024-09,Health & Beauty,208703.46,2576,7125
1015,2024-09,Home & Garden,125239.62,1516,6648
1015,2024-09,Apparel,113786.3,1382,4154
1015,2024-09,Gas Station,185434.46,4363,15230
1016,2024-09,Grocery,849965.78,7837,23149
1016,2024-09,Fresh Produce,319237.14,4122,17579
1016,2024-09,Meat & Seafood,467278.36,5455,14052
1016,2024-09,Bakery,231918.64,3063,12571
1016,2024-09,Frozen Foods,313482.0,3756,12860
1016,2024-09,Beverages,422128.91,4082,14692
1016,2024-09,Household,514015.19,5959,21031
1016,2024-09,Electronics,306019.19,3688,10900
1016,2024-09,Health & Beauty,220715.99,2566,11340
1016,2024-09,Home & Garden,149635.33,1751,5505
1016,2024-09,Apparel,133354.91,1401,3821
1016,2024-09,Gas Station,220731.42,4891,17321
1017,2024-09,Grocery,518612.38,5595,18194
1017,2024-09,Fresh Produce,185209.98,1707,4826
1017,2024-09,Meat & Seafood,288439.29,3500,13481
1017,2024-09,Bakery,126274.57,1437,6444
1017,2024-09,Frozen Foods,203707.7,2105,8964
1017,2024-09,Beverages,269126.33,3261,12300
1017,2024-09,Household,280247.94,3419,9782
1017,2024-09,Electronics,187020.4,2167,8681
1017,2024-09,Health & Beauty,125013.43,1514,5989
1017,2024-09,Home & Garden,74495.43,904,2426
1017,2024-09,Apparel,73793.81,867,2428
1017,2024-09,Gas Station,124211.63,2491,10004
1018,2024-09,Grocery,786812.16,10585,28705
1018,2024-09,Fresh Produce,287940.46,3456,11638
1018,2024-09,Meat & Seafood,415546.81,4299,17726
1018,2024-09,Bakery,195552.16,2379,7269
1018,2024-09,Frozen Foods,308403.07,3556,13566
1018,2024-09,Beverages,401782.51,4321,17846
1018,2024-09,Household,492298.73,6339,20605
1018,2024-09,Electronics,280191.81,4161,17459
1018,2024-09,Health & Beauty,193394.33,2347,5919
1018,2024-09,Home & Garden,126907.45,1612,6217
1018,2024-09,Apparel,117874.61,1452,4995
1018,2024-09,Gas Station,171208.76,3806,12448
1019,2024-09,Grocery,781774.62,8775,33573
1019,2024-09,Fresh Produce,268106.69,3022,9986
1019,2024-09,Meat & Seafood,385308.44,4546,17942
1019,2024-09,Bakery,199768.61,2298,8975
1019,2024-09,Frozen Foods,298516.54,3504,12960
1019,2024-09,Beverages,366516.23,4179,13139
1019,2024-09,Household,456474.43,4837,18819
1019,2024-09,Electronics,262797.76,3262,11549
1019,2024-09,Health & Beauty,184895.68,1978,7854
1019,2024-09,Home & Garden,119489.9,1316,3454
1019,2024-09,Apparel,106287.42,1327,5264
1019,2024-09,Gas Station,186384.77,3777,14258
1020,2024-09,Grocery,614820.83,7221,27958
1020,2024-09,Fresh Produce,240674.75,2441,10885
1020,2024-09,Meat & Seafood,364709.72,3923,14403
1020,2024-09,Bakery,178462.2,2253,9821
1020,2024-09,Frozen Foods,257996.64,3195,10395
1020,2024-09,Beverages,306216.99,2591,8732
1020,2024-09,Household,398212.49,4840,18209
1020,2024-09,Electronics,225021.52,2685,6750
1020,2024-09,Health & Beauty,162377.23,1719,7469
1020,2024-09,Home & Garden,103685.52,1217,3730
1020,2024-09,Apparel,94068.62,1001,4078
1020,2024-09,Gas Station,155882.61,3549,11916
1021,2024-09,Grocery,885042.11,10593,27467
1021,2024-09,Fresh Produce,305028.05,3966,12658
1021,2024-09,Meat & Seafood,508360.23,6621,17696
1021,2024-09,Bakery,205855.0,2612,9394
1021,2024-09,Frozen Foods,326582.63,4287,17471
1021,2024-09,Beverages,419213.69,4880,21760
1021,2024-09,Household,573106.52,7043,20300
1021,2024-09,Electronics,280324.31,2879,12650
1021,2024-09,Health & Beauty,202166.51,2182,8438
1021,2024-09,Home & Garden,135602.69,1655,4890
1021,2024-09,Apparel,128405.01,1663,6790
1021,2024-09,Gas Station,179772.73,4863,14357
1022,2024-09,Grocery,859748.12,11278,31374
1022,2024-09,Fresh Produce,295608.04,3703,9980
1022,2024-09,Meat & Seafood,466929.38,6108,24423
1022,2024-09,Bakery,227782.48,2495,6796
1022,2024-09,Frozen Foods,349276.45,4100,16760
1022,2024-09,Beverages,388623.36,4555,19332
1022,2024-09,Household,563338.3,6809,27291
1022,2024-09,Electronics,281407.77,3462,10424
1022,2024-09,Health & Beauty,218446.73,2734,10939
1022,2024-09,Home & Garden,151934.44,2148,5774
1022,2024-09,Apparel,122134.79,1304,4279
1022,2024-09,Gas Station,201279.09,5013,17061
1023,2024-09,Grocery,596576.74,6065,17427
1023,2024-09,Fresh Produce,214143.73,2454,9852
1023,2024-09,Meat & Seafood,313620.7,3341,12646
1023,2024-09,Bakery,142222.79,1211,4378
1023,2024-09,Frozen Foods,253924.68,3100,10001
1023,2024-09,Beverages,284525.18,4198,10775
1023,2024-09,Household,364963.79,4875,20186
1023,2024-09,Electronics,196797.75,2547,11297
1023,2024-09,Health & Beauty,145959.81,1569,7024
1023,2024-09,Home & Garden,101950.87,1072,4234
1023,2024-09,Apparel,90229.11,1102,2960
1023,2024-09,Gas Station,137627.85,2898,12887
1024,2024-09,Grocery,612768.04,6481,28104
1024,2024-09,Fresh Produce,238778.78,2688,12031
1024,2024-09,Meat & Seafood,358004.39,4520,14139
1024,2024-09,Bakery,169503.23,1881,8012
1024,2024-09,Frozen Foods,240330.62,2873,7831
1024,2024-09,Beverages,330944.81,3714,12405
1024,2024-09,Household,397242.96,4870,14037
1024,2024-09,Electronics,209637.35,2963,10828
1024,2024-09,Health & Beauty,169985.06,2123,8890
1024,2024-09,Home & Garden,102069.16,1236,3868
1024,2024-09,Apparel,100391.48,1062,4761
1024,2024-09,Gas Station,162046.02,3464,10153
1025,2024-09,Grocery,589849.76,6590,26481
1025,2024-09,Fresh Produce,229887.9,2650,10904
1025,2024-09,Meat & Seafood,326438.22,4170,10426
1025,2024-09,Bakery,151471.43,1714,5585
1025,2024-09,Frozen Foods,224667.49,2491,6869
1025,2024-09,Beverages,278119.45,3699,12791
1025,2024-09,Household,350605.22,4104,10483
1025,2024-09,Electronics,199428.7,2473,10334
1025,2024-09,Health & Beauty,155480.95,1836,6643
1025,2024-09,Home & Garden,96027.57,1194,4501
1025,2024-09,Apparel,99317.57,996,2729
1025,2024-09,Gas Station,139595.31,3064,7942
1001,2024-10,Grocery,672292.16,8327,34549
1001,2024-10,Fresh Produce,273182.17,3704,9737
1001,2024-10,Meat & Seafood,372998.62,3829,17146
1001,2024-10,Bakery,188823.99,2721,11363
1001,2024-10,Frozen Foods,285700.04,2792,8475
1001,2024-10,Beverages,373868.3,5011,19130
1001,2024-10,Household,423038.7,4620,16062
1001,2024-10,Electronics,252084.44,3472,8906
1001,2024-10,Health & Beauty,178931.71,2155,9312
1001,2024-10,Home & Garden,110974.72,1291,4107
1001,2024-10,Apparel,108289.93,1228,5398
1001,2024-10,Gas Station,186999.99,4042,15275
1002,2024-10,Grocery,824873.39,10410,46236
1002,2024-10,Fresh Produce,281473.07,3014,10385
1002,2024-10,Meat & Seafood,416602.35,5345,13393
1002,2024-10,Bakery,200107.08,2379,10264
1002,2024-10,Frozen Foods,316059.99,3649,12409
1002,2024-10,Beverages,372353.12,5386,18525
1002,2024-10,Household,473190.41,4849,17852
1002,2024-10,Electronics,238913.26,3136,8150
1002,2024-10,Health & Beauty,203511.73,2465,7567
1002,2024-10,Home & Garden,131332.5,1176,3453
1002,2024-10,Apparel,112626.36,1257,3840
1002,2024-10,Gas Station,191065.71,3999,16541
1003,2024-10,Grocery,760147.07,9020,32919
1003,2024-10,Fresh Produce,259314.75,2870,12509
1003,2024-10,Meat & Seafood,383011.51,3999,15834
1003,2024-10,Bakery,183764.35,2328,7022
1003,2024-10,Frozen Foods,271736.53,3525,13877
1003,2024-10,Beverages,375962.91,4659,12025
1003,2024-10,Household,425407.35,5292,20271
1003,2024-10,Electronics,252918.05,3298,8853
1003,2024-10,Health & Beauty,190884.01,2739,11779
1003,2024-10,Home & Garden,105941.32,1134,4535
1003,2024-10,Apparel,118053.48,1240,4703
1003,2024-10,Gas Station,173619.46,4210,14753
1004,2024-10,Grocery,1003260.15,13374,47611
1004,2024-10,Fresh Produce,380975.88,4732,16869
1004,2024-10,Meat & Seafood,575750.57,6207,20475
1004,2024-10,Bakery,253548.0,2930,12110
1004,2024-10,Frozen Foods,377496.64,4366,18353
1004,2024-10,Beverages,493211.0,5373,19262
1004,2024-10,Household,606521.86,7322,21618
1004,2024-10,Electronics,364825.8,3893,14242
1004,2024-10,Health & Beauty,227383.87,2579,11036
1004,2024-10,Home & Garden,165002.85,1926,6840
1004,2024-10,Apparel,150272.92,1543,5850
1004,2024-10,Gas Station,242651.8,5308,18761
1005,2024-10,Grocery,645654.57,7217,26645
1005,2024-10,Fresh Produce,231872.77,2758,10095
1005,2024-10,Meat & Seafood,312404.01,3727,10564
1005,2024-10,Bakery,151961.99,1862,5160
1005,2024-10,Frozen Foods,241412.39,2795,12161
1005,2024-10,Beverages,276681.09,2782,8697
1005,2024-10,Household,363460.96,3772,10411
1005,2024-10,Electronics,202110.81,2632,8552
1005,2024-10,Health & Beauty,131841.92,1361,6110
1005,2024-10,Home & Garden,92933.83,1103,4096
1005,2024-10,Apparel,90966.62,1112,3963
1005,2024-10,Gas Station,140441.27,2909,12151
1006,2024-10,Grocery,799125.26,8592,30199
1006,2024-10,Fresh Produce,302771.12,3164,13166
1006,2024-10,Meat & Seafood,458341.45,4722,17310
1006,2024-10,Bakery,206262.87,2299,9344
1006,2024-10,Frozen Foods,336542.83,3602,11352
1006,2024-10,Beverages,430821.33,4972,19697
1006,2024-10,Household,526299.65,6244,24487
1006,2024-10,Electronics,277027.17,3801,12189
1006,2024-10,Health & Beauty,220537.64,2453,9791
1006,2024-10,Home & Garden,130598.89,1432,5529
1006,2024-10,Apparel,123201.76,1373,6095
1006,2024-10,Gas Station,193971.19,4318,11603
1007,2024-10,Grocery,792717.93,10856,33706
1007,2024-10,Fresh Produce,332684.07,3426,12420
1007,2024-10,Meat & Seafood,473869.52,4929,21379
1007,2024-10,Bakery,212234.2,2289,9817
1007,2024-10,Frozen Foods,282949.7,2758,10216
1007,2024-10,Beverages,422840.3,5164,17831
1007,2024-10,Household,452473.71,4900,15306
1007,2024-10,Electronics,282190.7,3581,15607
1007,2024-10,Health & Beauty,220947.72,2718,10298
1007,2024-10,Home & Garden,123806.68,1604,6361
1007,2024-10,Apparel,127842.78,1525,6833
1007,2024-10,Gas Station,187593.72,4020,15138
1008,2024-10,Grocery,844626.65,9321,30742
1008,2024-10,Fresh Produce,306599.52,3260,12631
1008,2024-10,Meat & Seafood,474885.76,6765,24719
1008,2024-10,Bakery,217858.27,2379,9954
1008,2024-10,Frozen Foods,341052.55,3957,11041
1008,2024-10,Beverages,385353.27,4978,14546
1008,2024-10,Household,534208.06,6109,18846
1008,2024-10,Electronics,299752.73,3361,8550
1008,2024-10,Health & Beauty,202320.86,2654,9548
1008,2024-10,Home & Garden,136043.23,1535,6169
1008,2024-10,Apparel,117083.7,1459,6177
1008,2024-10,Gas Station,190694.72,4788,17281
1009,2024-10,Grocery,815844.89,11727,40180
1009,2024-10,Fresh Produce,276559.73,2917,8984
1009,2024-10,Meat & Seafood,409658.74,4900,21234
1009,2024-10,Bakery,192769.52,2621,7384
1009,2024-10,Frozen Foods,304136.17,3912,12928
1009,2024-10,Beverages,413544.7,5317,19603
1009,2024-10,Household,483860.83,6205,21307
1009,2024-10,Electronics,278127.2,3215,8569
1009,2024-10,Health & Beauty,201560.64,2121,8978
1009,2024-10,Home & Garden,133303.77,1592,6982
1009,2024-10,Apparel,108567.31,1125,4919
1009,2024-10,Gas Station,182621.26,4196,10844
1010,2024-10,Grocery,810759.62,9978,27721
1010,2024-10,Fresh Produce,303376.5,3765,10789
1010,2024-10,Meat & Seafood,427558.32,4698,18097
1010,2024-10,Bakery,197603.76,2845,12799
1010,2024-10,Frozen Foods,315899.56,3715,12148
1010,2024-10,Beverages,383591.99,4479,12191
1010,2024-10,Household,510664.5,6771,16966
1010,2024-10,Electronics,282784.86,3231,11644
1010,2024-10,Health & Beauty,204872.23,2801,9081
1010,2024-10,Home & Garden,124996.58,1528,5799
1010,2024-10,Apparel,124750.64,1562,4017
1010,2024-10,Gas Station,198730.75,4713,12967
1011,2024-10,Grocery,775877.83,8817,30297
1011,2024-10,Fresh Produce,266188.27,3179,8220
1011,2024-10,Meat & Seafood,436944.97,5406,21970
1011,2024-10,Bakery,183720.01,2183,8461
1011,2024-10,Frozen Foods,312715.67,3611,15081
1011,2024-10,Beverages,388674.57,4610,11814
1011,2024-10,Household,442470.62,5827,25126
1011,2024-10,Electronics,273959.93,2917,12412
1011,2024-10,Health & Beauty,191586.46,2143,8624
1011,2024-10,Home & Garden,112832.0,1283,3771
1011,2024-10,Apparel,111172.1,1325,4326
1011,2024-10,Gas Station,172697.3,3658,12331
1012,2024-10,Grocery,668433.75,7198,27235
1012,2024-10,Fresh Produce,266493.53,3690,14117
1012,2024-10,Meat & Seafood,421073.15,5462,21035
1012,2024-10,Bakery,179707.55,2381,8838
1012,2024-10,Frozen Foods,288226.46,3074,8621
1012,2024-10,Beverages,345179.59,4181,18290
1012,2024-10,Household,440621.58,4862,12735
1012,2024-10,Electronics,272037.45,3472,15556
1012,2024-10,Health & Beauty,194362.67,2329,8854
1012,2024-10,Home & Garden,105158.61,1341,5436
1012,2024-10,Apparel,117735.9,1476,5519
1012,2024-10,Gas Station,162264.3,3195,14260
1013,2024-10,Grocery,796692.08,9429,26662
1013,2024-10,Fresh Produce,289819.67,3586,15759
1013,2024-10,Meat & Seafood,437205.79,4681,16746
1013,2024-10,Bakery,192143.18,2173,8431
1013,2024-10,Frozen Foods,304830.04,3863,11436
1013,2024-10,Beverages,379209.77,4218,13091
1013,2024-10,Household,441371.94,5842,25693
1013,2024-10,Electronics,260563.61,3191,13904
1013,2024-10,Health & Beauty,193249.18,2630,7523
1013,2024-10,Home & Garden,135919.6,1350,5707
1013,2024-10,Apparel,119790.93,1402,5395
1013,2024-10,Gas Station,159532.39,3757,14345
1014,2024-10,Grocery,789378.65,6881,30317
1014,2024-10,Fresh Produce,295584.72,2952,10089
1014,2024-10,Meat & Seafood,447157.53,4828,18812
1014,2024-10,Bakery,219320.54,2715,12038
1014,2024-10,Frozen Foods,327230.07,4253,17208
1014,2024-10,Beverages,405002.9,4260,14554
1014,2024-10,Household,475335.55,5906,21888
1014,2024-10,Electronics,285687.02,3516,11440
1014,2024-10,Health & Beauty,211393.87,2826,7325
1014,2024-10,Home & Garden,133228.99,1490,5258
1014,2024-10,Apparel,126355.33,1396,4176
1014,2024-10,Gas Station,202918.26,4907,12271
1015,2024-10,Grocery,986342.5,9905,34301
1015,2024-10,Fresh Produce,291203.16,3508,8998
1015,2024-10,Meat & Seafood,451460.41,4954,15115
1015,2024-10,Bakery,222959.73,2120,7062
1015,2024-10,Frozen Foods,322334.97,4075,17981
1015,2024-10,Beverages,429059.15,4611,13601
1015,2024-10,Household,546157.17,6086,22071
1015,2024-10,Electronics,259419.59,2819,11781
1015,2024-10,Health & Beauty,207609.55,2171,9351
1015,2024-10,Home & Garden,132211.83,1727,6953
1015,2024-10,Apparel,117004.68,1405,4229
1015,2024-10,Gas Station,206840.78,3849,9875
1016,2024-10,Grocery,856263.64,10755,36782
1016,2024-10,Fresh Produce,283022.27,3112,12913
1016,2024-10,Meat & Seafood,458668.47,3817,9889
1016,2024-10,Bakery,212691.16,2594,8517
1016,2024-10,Frozen Foods,317445.81,4358,16041
1016,2024-10,Beverages,449138.06,5192,20488
1016,2024-10,Household,467212.27,5176,13044
1016,2024-10,Electronics,264267.38,3418,8899
1016,2024-10,Health & Beauty,198573.64,2197,8707
1016,2024-10,Home & Garden,121941.3,1279,5139
1016,2024-10,Apparel,131011.28,1672,6915
1016,2024-10,Gas Station,192437.85,3911,10758
1017,2024-10,Grocery,504530.25,5660,22781
1017,2024-10,Fresh Produce,183630.82,2191,7145
1017,2024-10,Meat & Seafood,314492.53,3513,8927
1017,2024-10,Bakery,136359.47,1323,4018
1017,2024-10,Frozen Foods,213211.68,3085,9944
1017,2024-10,Beverages,272872.52,3368,9295
1017,2024-10,Household,348775.24,4231,16572
1017,2024-10,Electronics,173115.08,1999,5717
1017,2024-10,Health & Beauty,132627.38,1707,4372
1017,2024-10,Home & Garden,89474.47,935,2631
1017,2024-10,Apparel,82540.83,927,3561
1017,2024-10,Gas Station,139198.45,2430,7591
1018,2024-10,Grocery,854077.26,10845,27460
1018,2024-10,Fresh Produce,366072.77,4134,16929
1018,2024-10,Meat & Seafood,563547.9,7342,19786
1018,2024-10,Bakery,261714.95,3095,12108
1018,2024-10,Frozen Foods,471392.22,6815,22892
1018,2024-10,Beverages,563643.78,6511,17820
1018,2024-10,Household,556816.95,6673,25719
1018,2024-10,Electronics,353604.22,3540,14630
1018,2024-10,Health & Beauty,270092.14,2929,9155
1018,2024-10,Home & Garden,164533.44,1940,5810
1018,2024-10,Apparel,155014.29,1752,4449
1018,2024-10,Gas Station,239036.81,4660,15486
1019,2024-10,Grocery,696734.66,8773,37337
1019,2024-10,Fresh Produce,234185.83,2919,9374
1019,2024-10,Meat & Seafood,373709.22,4126,15906
1019,2024-10,Bakery,176609.65,2069,8420
1019,2024-10,Frozen Foods,272433.44,3314,13461
1019,2024-10,Beverages,358625.44,4782,21426
1019,2024-10,Household,429322.67,4965,21495
1019,2024-10,Electronics,237901.74,2724,12133
1019,2024-10,Health & Beauty,176157.3,1877,8367
1019,2024-10,Home & Garden,104608.42,1260,4617
1019,2024-10,Apparel,105605.91,1063,2814
1019,2024-10,Gas Station,169658.33,4695,18687
1020,2024-10,Grocery,850163.39,9184,33895
1020,2024-10,Fresh Produce,282870.72,3289,12799
1020,2024-10,Meat & Seafood,400246.69,4291,15476
1020,2024-10,Bakery,191373.66,2560,8311
1020,2024-10,Frozen Foods,322292.27,3164,12162
1020,2024-10,Beverages,425575.52,5396,16182
1020,2024-10,Household,519624.27,6031,22462
1020,2024-10,Electronics,248295.86,2499,6499
1020,2024-10,Health & Beauty,205999.29,2088,9129
1020,2024-10,Home & Garden,132518.97,1668,4905
1020,2024-10,Apparel,115736.36,1464,5824
1020,2024-10,Gas Station,195961.96,4636,16207
1021,2024-10,Grocery,814225.51,10701,45801
1021,2024-10,Fresh Produce,309872.1,3753,13231
1021,2024-10,Meat & Seafood,464876.11,4635,17804
1021,2024-10,Bakery,202246.35,2534,9649
1021,2024-10,Frozen Foods,323332.34,3089,9052
1021,2024-10,Beverages,458729.8,6278,20368
1021,2024-10,Household,529384.42,6020,19664
1021,2024-10,Electronics,262491.76,3071,12509
1021,2024-10,Health & Beauty,215926.07,1908,5736
1021,2024-10,Home & Garden,133272.06,1798,5236
1021,2024-10,Apparel,123650.29,1610,6810
1021,2024-10,Gas Station,211880.27,4596,17354
1022,2024-10,Grocery,903512.99,9403,38251
1022,2024-10,Fresh Produce,307551.4,3619,14730
1022,2024-10,Meat & Seafood,396751.58,4064,14957
1022,2024-10,Bakery,216905.99,2347,6000
1022,2024-10,Frozen Foods,298505.18,3272,12845
1022,2024-10,Beverages,405590.46,4757,20683
1022,2024-10,Household,505772.08,5975,24336
1022,2024-10,Electronics,274326.93,3488,11832
1022,2024-10,Health & Beauty,218173.48,2540,9161
1022,2024-10,Home & Garden,141216.45,1803,4783
1022,2024-10,Apparel,121901.16,1450,4251
1022,2024-10,Gas Station,203020.31,4764,17933
1023,2024-10,Grocery,659746.1,7155,21204
1023,2024-10,Fresh Produce,263674.83,3013,8000
1023,2024-10,Meat & Seafood,374190.07,4857,17209
1023,2024-10,Bakery,179970.49,2163,6899
1023,2024-10,Frozen Foods,250358.07,2634,6654
1023,2024-10,Beverages,348379.3,3346,11116
1023,2024-10,Household,409542.17,5530,19237
1023,2024-10,Electronics,260573.32,2922,12348
1023,2024-10,Health & Beauty,190416.96,2276,7040
1023,2024-10,Home & Garden,101861.74,1264,4207
1023,2024-10,Apparel,109516.95,1333,3656
1023,2024-10,Gas Station,178006.26,4681,12811
1024,2024-10,Grocery,685656.52,7656,23237
1024,2024-10,Fresh Produce,251513.88,3313,12071
1024,2024-10,Meat & Seafood,374750.7,4391,17597
1024,2024-10,Bakery,182638.82,2230,7411
1024,2024-10,Frozen Foods,300439.12,3266,10304
1024,2024-10,Beverages,372966.23,5369,13660
1024,2024-10,Household,463521.04,5525,19290
1024,2024-10,Electronics,249358.97,2903,12949
1024,2024-10,Health & Beauty,187172.42,1978,7970
1024,2024-10,Home & Garden,115790.43,1511,6652
1024,2024-10,Apparel,112257.62,1391,5862
1024,2024-10,Gas Station,183047.03,3698,15795
1025,2024-10,Grocery,773455.88,8243,35140
1025,2024-10,Fresh Produce,280988.8,3660,14659
1025,2024-10,Meat & Seafood,424479.71,4944,14371
1025,2024-10,Bakery,182973.84,2007,7151
1025,2024-10,Frozen Foods,318424.59,3762,12448
1025,2024-10,Beverages,367100.19,4314,14320
1025,2024-10,Household,427732.01,4693,12126
1025,2024-10,Electronics,236784.56,2761,11005
1025,2024-10,Health & Beauty,188033.12,2473,11038
1025,2024-10,Home & Garden,124114.4,1034,4630
1025,2024-10,Apparel,111579.33,1237,3265
1025,2024-10,Gas Station,183505.49,4685,18333
1001,2024-11,Grocery,731841.55,8497,37034
1001,2024-11,Fresh Produce,277651.71,3629,15186
1001,2024-11,Meat & Seafood,416280.02,5605,15081
1001,2024-11,Bakery,183041.69,1795,6454
1001,2024-11,Frozen Foods,343356.54,3164,12197
1001,2024-11,Beverages,399395.33,5012,16405
1001,2024-11,Household,450414.86,4646,15245
1001,2024-11,Electronics,502945.81,5628,20884
1001,2024-11,Health & Beauty,189920.48,2562,10773
1001,2024-11,Home & Garden,123635.93,1685,5246
1001,2024-11,Apparel,119533.12,1636,5353
1001,2024-11,Gas Station,180741.18,3512,12992
1002,2024-11,Grocery,1109168.76,14171,51240
1002,2024-11,Fresh Produce,361494.62,4355,14753
1002,2024-11,Meat & Seafood,588172.44,6877,23121
1002,2024-11,Bakery,286403.04,4184,15788
1002,2024-11,Frozen Foods,406475.6,5133,18260
1002,2024-11,Beverages,525756.81,6983,21346
1002,2024-11,Household,668578.16,8256,21682
1002,2024-11,Electronics,655061.0,8113,27771
1002,2024-11,Health & Beauty,274600.87,3494,9787
1002,2024-11,Home & Garden,167874.76,1681,5090
1002,2024-11,Apparel,166318.3,1916,7948
1002,2024-11,Gas Station,263899.59,6073,24702
1003,2024-11,Grocery,706228.87,9743,32861
1003,2024-11,Fresh Produce,259751.21,2851,11392
1003,2024-11,Meat & Seafood,392949.14,4896,21711
1003,2024-11,Bakery,187481.98,2745,8531
1003,2024-11,Frozen Foods,270235.18,3233,13848
1003,2024-11,Beverages,357684.17,4083,10319
1003,2024-11,Household,454357.68,5219,13211
1003,2024-11,Electronics,419312.72,4424,12233
1003,2024-11,Health & Beauty,189441.16,2183,9554
1003,2024-11,Home & Garden,114876.57,1114,3655
1003,2024-11,Apparel,99447.13,1192,4727
1003,2024-11,Gas Station,165341.62,3366,12311
1004,2024-11,Grocery,1351959.46,16221,52852
1004,2024-11,Fresh Produce,494457.75,4940,18604
1004,2024-11,Meat & Seafood,606209.82,6163,21498
1004,2024-11,Bakery,319118.65,4176,18290
1004,2024-11,Frozen Foods,530507.25,6244,26010
1004,2024-11,Beverages,672243.5,7628,20749
1004,2024-11,Household,778329.69,9754,25446
1004,2024-11,Electronics,777394.41,9195,24271
1004,2024-11,Health & Beauty,346879.96,4225,17409
1004,2024-11,Home & Garden,191752.63,2168,5603
1004,2024-11,Apparel,179914.34,2589,11385
1004,2024-11,Gas Station,307585.85,6561,16730
1005,2024-11,Grocery,644890.34,9032,39022
1005,2024-11,Fresh Produce,242135.63,2973,12674
1005,2024-11,Meat & Seafood,374314.0,4925,18641
1005,2024-11,Bakery,174716.24,2090,5621
1005,2024-11,Frozen Foods,271281.3,3711,9771
1005,2024-11,Beverages,357284.48,4272,15945
1005,2024-11,Household,410928.51,5226,19302
1005,2024-11,Electronics,390861.8,4801,18565
1005,2024-11,Health & Beauty,172148.72,2270,9691
1005,2024-11,Home & Garden,107394.03,1231,3609
1005,2024-11,Apparel,101639.66,1299,4855
1005,2024-11,Gas Station,176674.15,3787,12765
1006,2024-11,Grocery,904164.28,9567,40982
1006,2024-11,Fresh Produce,308301.54,2957,12061
1006,2024-11,Meat & Seafood,424375.86,4842,16704
1006,2024-11,Bakery,207775.15,2255,8027
1006,2024-11,Frozen Foods,327429.21,3665,13784
1006,2024-11,Beverages,408506.6,5330,17095
1006,2024-11,Household,522797.36,7073,19889
1006,2024-11,Electronics,539369.23,6271,19485
1006,2024-11,Health & Beauty,210157.5,2447,8279
1006,2024-11,Home & Garden,133449.78,1599,6284
1006,2024-11,Apparel,119949.14,1215,3500
1006,2024-11,Gas Station,204745.73,3621,16234
1007,2024-11,Grocery,845729.72,11458,50195
1007,2024-11,Fresh Produce,301042.33,3547,12207
1007,2024-11,Meat & Seafood,435817.11,5510,21346
1007,2024-11,Bakery,225473.19,2440,10002
1007,2024-11,Frozen Foods,334047.4,4076,13582
1007,2024-11,Beverages,396207.77,5092,21792
1007,2024-11,Household,493701.25,5833,23171
1007,2024-11,Electronics,526058.72,6868,22702
1007,2024-11,Health & Beauty,205775.8,2208,6101
1007,2024-11,Home & Garden,137767.0,1585,6670
1007,2024-11,Apparel,124644.85,1088,4685
1007,2024-11,Gas Station,192631.75,4872,17624
1008,2024-11,Grocery,1202000.19,13346,40112
1008,2024-11,Fresh Produce,432556.54,4642,16926
1008,2024-11,Meat & Seafood,686752.37,9911,36451
1008,2024-11,Bakery,292350.93,3909,14465
1008,2024-11,Frozen Foods,449263.83,5003,14829
1008,2024-11,Beverages,576655.82,5654,16391
1008,2024-11,Household,644959.43,6993,30748
1008,2024-11,Electronics,683719.12,8506,36992
1008,2024-11,Health & Beauty,288949.73,3863,9707
1008,2024-11,Home & Garden,187756.81,2429,9061
1008,2024-11,Apparel,170402.65,2327,9094
1008,2024-11,Gas Station,266400.77,6279,24590
1009,2024-11,Grocery,1105881.08,11425,43872
1009,2024-11,Fresh Produce,417007.6,5658,15541
1009,2024-11,Meat & Seafood,600339.55,6055,25467
1009,2024-11,Bakery,291823.77,3656,10715
1009,2024-11,Frozen Foods,465672.48,5243,21217
1009,2024-11,Beverages,503450.04,6056,22537
1009,2024-11,Household,689358.02,9661,28225
1009,2024-11,Electronics,702101.34,9191,38327
1009,2024-11,Health & Beauty,282929.74,3262,10229
1009,2024-11,Home & Garden,185152.44,2084,5574
1009,2024-11,Apparel,181418.19,2003,6179
1009,2024-11,Gas Station,244542.54,4764,12305
1010,2024-11,Grocery,883981.56,12170,46328
1010,2024-11,Fresh Produce,290964.21,3109,11625
1010,2024-11,Meat & Seafood,453774.04,6691,21416
1010,2024-11,Bakery,205778.54,2578,8794
1010,2024-11,Frozen Foods,341288.89,4797,15320
1010,2024-11,Beverages,445773.58,5085,15541
1010,2024-11,Household,489451.46,5285,22192
1010,2024-11,Electronics,508389.31,5997,26254
1010,2024-11,Health & Beauty,193935.9,2232,6316
1010,2024-11,Home & Garden,138697.15,1470,4477
1010,2024-11,Apparel,121013.12,1139,4927
1010,2024-11,Gas Station,184979.32,4461,12733
1011,2024-11,Grocery,866006.44,11316,33935
1011,2024-11,Fresh Produce,315451.98,3981,12793
1011,2024-11,Meat & Seafood,486439.47,5261,16297
1011,2024-11,Bakery,231470.06,2683,10623
1011,2024-11,Frozen Foods,335820.27,4008,16938
1011,2024-11,Beverages,454222.05,5121,17778
1011,2024-11,Household,539631.05,6569,28902
1011,2024-11,Electronics,509403.51,6241,23494
1011,2024-11,Health & Beauty,213225.53,2055,6597
1011,2024-11,Home & Garden,150690.71,1780,4826
1011,2024-11,Apparel,130496.51,1545,6024
1011,2024-11,Gas Station,220574.56,5584,24487
1012,2024-11,Grocery,779616.96,8890,36093
1012,2024-11,Fresh Produce,272862.76,3130,11487
1012,2024-11,Meat & Seafood,431683.05,4965,20192
1012,2024-11,Bakery,205405.25,2782,11759
1012,2024-11,Frozen Foods,321533.23,3660,14929
1012,2024-11,Beverages,401085.88,5469,16365
1012,2024-11,Household,504327.42,5721,14666
1012,2024-11,Electronics,455565.91,5765,16076
1012,2024-11,Health & Beauty,181882.98,2166,9701
1012,2024-11,Home & Garden,119101.25,1432,5552
1012,2024-11,Apparel,119621.26,1469,3897
1012,2024-11,Gas Station,188163.8,4260,11998
1013,2024-11,Grocery,956359.3,11569,37213
1013,2024-11,Fresh Produce,350341.52,4176,11965
1013,2024-11,Meat & Seafood,555540.08,6685,26898
1013,2024-11,Bakery,233535.65,2551,7419
1013,2024-11,Frozen Foods,412725.73,4786,17724
1013,2024-11,Beverages,475027.9,5490,16467
1013,2024-11,Household,604610.4,7957,25177
1013,2024-11,Electronics,638007.24,6965,24548
1013,2024-11,Health & Beauty,237471.61,3082,9131
1013,2024-11,Home & Garden,168636.13,2065,5355
1013,2024-11,Apparel,149378.16,1645,7071
1013,2024-11,Gas Station,212751.99,4697,18788
1014,2024-11,Grocery,1115055.23,15683,47930
1014,2024-11,Fresh Produce,346798.6,3695,13348
1014,2024-11,Meat & Seafood,527405.86,5870,20759
1014,2024-11,Bakery,242885.92,2937,9208
1014,2024-11,Frozen Foods,417278.78,4665,12131
1014,2024-11,Beverages,442957.42,4865,15242
1014,2024-11,Household,584097.89,6690,20937
1014,2024-11,Electronics,564198.62,5233,22434
1014,2024-11,Health & Beauty,252813.37,2863,10023
1014,2024-11,Home & Garden,147245.83,1660,5967
1014,2024-11,Apparel,153524.02,1755,5142
1014,2024-11,Gas Station,238973.45,5836,24260
1015,2024-11,Grocery,1158401.6,12102,35359
1015,2024-11,Fresh Produce,380953.65,4603,15563
1015,2024-11,Meat & Seafood,602312.7,6866,25669
1015,2024-11,Bakery,261393.28,3531,15872
1015,2024-11,Frozen Foods,434210.96,5017,16866
1015,2024-11,Beverages,511927.09,5442,14319
1015,2024-11,Household,638716.51,7366,25735
1015,2024-11,Electronics,690572.58,8276,28010
1015,2024-11,Health & Beauty,260209.85,3261,12655
1015,2024-11,Home & Garden,183430.26,2391,6228
1015,2024-11,Apparel,160153.17,1797,4768
1015,2024-11,Gas Station,248537.23,5874,25825
1016,2024-11,Grocery,972530.45,10417,31873
1016,2024-11,Fresh Produce,367139.12,4308,18162
1016,2024-11,Meat & Seafood,535912.16,6963,20859
1016,2024-11,Bakery,244517.6,3282,11921
1016,2024-11,Frozen Foods,461127.68,6130,24537
1016,2024-11,Beverages,515000.14,5389,15568
1016,2024-11,Household,611115.25,6589,18624
1016,2024-11,Electronics,595192.21,6254,18879
1016,2024-11,Health & Beauty,238464.27,3045,9316
1016,2024-11,Home & Garden,174449.61,1795,7613
1016,2024-11,Apparel,160397.3,2059,7142
1016,2024-11,Gas Station,250266.31,6586,19313
1017,2024-11,Grocery,627654.7,7457,29587
1017,2024-11,Fresh Produce,247590.23,2608,7174
1017,2024-11,Meat & Seafood,325062.74,3972,14575
1017,2024-11,Bakery,161607.33,2106,6303
1017,2024-11,Frozen Foods,256053.51,2631,7220
1017,2024-11,Beverages,311587.15,3777,16053
1017,2024-11,Household,379688.58,4271,15337
1017,2024-11,Electronics,402550.13,4957,13205
1017,2024-11,Health & Beauty,181953.74,2128,7467
1017,2024-11,Home & Garden,103017.75,1362,4786
1017,2024-11,Apparel,95407.75,1081,3667
1017,2024-11,Gas Station,168288.37,4315,15108
1018,2024-11,Grocery,1200263.76,14172,47607
1018,2024-11,Fresh Produce,420417.97,4751,12823
1018,2024-11,Meat & Seafood,670204.88,9800,29470
1018,2024-11,Bakery,288818.66,2297,6638
1018,2024-11,Frozen Foods,511461.06,6400,26130
1018,2024-11,Beverages,612348.61,9002,23603
1018,2024-11,Household,705692.64,8076,35757
1018,2024-11,Electronics,749312.21,8766,27592
1018,2024-11,Health & Beauty,320591.32,4266,12807
1018,2024-11,Home & Garden,181959.14,2271,6231
1018,2024-11,Apparel,175184.48,2131,9576
1018,2024-11,Gas Station,292064.12,5689,18903
1019,2024-11,Grocery,969445.01,11334,45958
1019,2024-11,Fresh Produce,361792.95,4764,16603
1019,2024-11,Meat & Seafood,534812.87,7026,23156
1019,2024-11,Bakery,242732.09,2965,8396
1019,2024-11,Frozen Foods,402992.37,4714,16939
1019,2024-11,Beverages,468723.37,5721,16026
1019,2024-11,Household,576923.89,7385,33150
1019,2024-11,Electronics,588020.28,5816,24282
1019,2024-11,Health & Beauty,247047.65,3285,9878
1019,2024-11,Home & Garden,165416.75,1900,8262
1019,2024-11,Apparel,143042.06,1547,5236
1019,2024-11,Gas Station,220646.12,4945,21290
1020,2024-11,Grocery,854146.77,9806,42641
1020,2024-11,Fresh Produce,303144.55,2429,7618
1020,2024-11,Meat & Seafood,463195.84,5876,18077
1020,2024-11,Bakery,218124.85,2482,6272
1020,2024-11,Frozen Foods,348113.4,3315,9270
1020,2024-11,Beverages,425399.47,5467,22548
1020,2024-11,Household,546897.79,5734,25674
1020,2024-11,Electronics,493651.39,5026,17390
1020,2024-11,Health & Beauty,202988.13,2344,6168
1020,2024-11,Home & Garden,134683.69,1739,5460
1020,2024-11,Apparel,114235.49,1309,4552
1020,2024-11,Gas Station,203553.74,5001,19450
1021,2024-11,Grocery,1183575.95,12825,46750
1021,2024-11,Fresh Produce,450688.0,5716,19159
1021,2024-11,Meat & Seafood,643794.29,8088,32635
1021,2024-11,Bakery,324531.88,3787,15500
1021,2024-11,Frozen Foods,444223.19,4839,17430
1021,2024-11,Beverages,593115.78,5717,17700
1021,2024-11,Household,745604.91,9580,36440
1021,2024-11,Electronics,710552.85,7731,20071
1021,2024-11,Health & Beauty,306972.63,3748,13292
1021,2024-11,Home & Garden,195134.9,2140,7911
1021,2024-11,Apparel,170518.65,1812,8070
1021,2024-11,Gas Station,298515.74,5901,25299
1022,2024-11,Grocery,986689.42,12957,56792
1022,2024-11,Fresh Produce,399867.55,4808,20906
1022,2024-11,Meat & Seafood,569421.87,6824,26287
1022,2024-11,Bakery,243104.83,2445,8804
1022,2024-11,Frozen Foods,395598.37,5139,18805
1022,2024-11,Beverages,538485.47,6004,20614
1022,2024-11,Household,613428.8,6695,18161
1022,2024-11,Electronics,609282.04,7928,35450
1022,2024-11,Health & Beauty,245246.91,3525,11610
1022,2024-11,Home & Garden,144982.91,1502,5949
1022,2024-11,Apparel,151090.25,1713,4900
1022,2024-11,Gas Station,245036.38,4514,12288
1023,2024-11,Grocery,808459.04,9970,25684
1023,2024-11,Fresh Produce,267769.42,3622,10611
1023,2024-11,Meat & Seafood,440315.9,5117,13801
1023,2024-11,Bakery,191020.46,2173,6716
1023,2024-11,Frozen Foods,303969.79,4287,15799
1023,2024-11,Beverages,396503.01,4538,19320
1023,2024-11,Household,461214.56,6002,19465
1023,2024-11,Electronics,471905.27,5823,18274
1023,2024-11,Health & Beauty,218018.95,2635,7645
1023,2024-11,Home & Garden,103958.29,1348,5838
1023,2024-11,Apparel,113179.31,1146,3312
1023,2024-11,Gas Station,175879.77,3452,15449
1024,2024-11,Grocery,945588.42,9323,34557
1024,2024-11,Fresh Produce,355465.03,4770,15957
1024,2024-11,Meat & Seafood,551206.44,7315,23288
1024,2024-11,Bakery,253099.74,2539,8132
1024,2024-11,Frozen Foods,391884.02,4642,12686
1024,2024-11,Beverages,491754.73,5632,19253
1024,2024-11,Household,607550.81,7309,30483
1024,2024-11,Electronics,588788.3,5982,17340
1024,2024-11,Health & Beauty,248943.0,2420,6379
1024,2024-11,Home & Garden,139749.88,1395,3528
1024,2024-11,Apparel,153365.19,1734,4905
1024,2024-11,Gas Station,233430.61,5166,17857
1025,2024-11,Grocery,835746.39,10610,38047
1025,2024-11,Fresh Produce,285188.12,3835,9682
1025,2024-11,Meat & Seafood,407273.59,4998,14935
1025,2024-11,Bakery,196756.59,1929,8120
1025,2024-11,Frozen Foods,348226.14,3757,12957
1025,2024-11,Beverages,393789.35,5121,22989
1025,2024-11,Household,554785.08,6104,16646
1025,2024-11,Electronics,468243.47,4049,12798
1025,2024-11,Health & Beauty,216943.57,2257,7680
1025,2024-11,Home & Garden,144727.39,1812,6996
1025,2024-11,Apparel,126468.64,1652,4285
1025,2024-11,Gas Station,201947.73,4923,13980
1001,2024-12,Grocery,893834.45,10075,40621
1001,2024-12,Fresh Produce,353250.79,3738,13678
1001,2024-12,Meat & Seafood,499406.31,5908,16125
1001,2024-12,Bakery,210768.7,2470,6426
1001,2024-12,Frozen Foods,337667.15,4174,15341
1001,2024-12,Beverages,443143.9,4820,19584
1001,2024-12,Household,594939.66,6305,23926
1001,2024-12,Electronics,528101.94,6776,26254
1001,2024-12,Health & Beauty,251231.28,2902,11548
1001,2024-12,Home & Garden,142931.59,1688,4877
1001,2024-12,Apparel,131063.19,1669,6614
1001,2024-12,Gas Station,218178.64,3738,9853
1002,2024-12,Grocery,1228371.94,17296,64638
1002,2024-12,Fresh Produce,415910.62,4566,17193
1002,2024-12,Meat & Seafood,641602.16,6242,17197
1002,2024-12,Bakery,323330.62,3136,9739
1002,2024-12,Frozen Foods,446918.91,5741,21115
1002,2024-12,Beverages,622270.06,7190,21480
1002,2024-12,Household,727646.1,7613,23828
1002,2024-12,Electronics,729524.01,8121,27985
1002,2024-12,Health & Beauty,306085.48,3617,11433
1002,2024-12,Home & Garden,188109.8,2092,6049
1002,2024-12,Apparel,190804.3,1998,6755
1002,2024-12,Gas Station,281279.12,6619,17354
1003,2024-12,Grocery,842065.28,10469,32852
1003,2024-12,Fresh Produce,331191.73,3828,11427
1003,2024-12,Meat & Seafood,470383.74,5195,14075
1003,2024-12,Bakery,223033.65,2352,6166
1003,2024-12,Frozen Foods,337513.54,3840,11547
1003,2024-12,Beverages,411859.9,5257,18341
1003,2024-12,Household,535871.52,5687,17812
1003,2024-12,Electronics,561010.16,6919,25761
1003,2024-12,Health & Beauty,209386.92,2251,7101
1003,2024-12,Home & Garden,138579.94,1564,6383
1003,2024-12,Apparel,125034.31,1174,4329
1003,2024-12,Gas Station,202502.38,4564,19000
1004,2024-12,Grocery,1396274.61,17654,64577
1004,2024-12,Fresh Produce,548737.03,5429,22948
1004,2024-12,Meat & Seafood,843985.11,8824,26754
1004,2024-12,Bakery,345068.15,4328,16939
1004,2024-12,Frozen Foods,525960.6,6846,29244
1004,2024-12,Beverages,748079.38,8067,22312
1004,2024-12,Household,902588.41,9123,23849
1004,2024-12,Electronics,920373.33,10402,33423
1004,2024-12,Health & Beauty,339017.9,4790,20900
1004,2024-12,Home & Garden,234423.67,3092,8247
1004,2024-12,Apparel,223531.36,2224,9502
1004,2024-12,Gas Station,321533.33,7022,22169
1005,2024-12,Grocery,768727.31,9482,35690
1005,2024-12,Fresh Produce,266470.14,3568,9970
1005,2024-12,Meat & Seafood,403196.09,4261,16073
1005,2024-12,Bakery,200827.92,2373,9786
1005,2024-12,Frozen Foods,316120.92,3917,12328
1005,2024-12,Beverages,375197.17,4594,17528
1005,2024-12,Household,458569.63,5425,22111
1005,2024-12,Electronics,456787.92,5622,23189
1005,2024-12,Health & Beauty,194657.09,2116,7345
1005,2024-12,Home & Garden,128274.75,1521,6453
1005,2024-12,Apparel,111688.1,1429,6178
1005,2024-12,Gas Station,179646.34,3931,15089
1006,2024-12,Grocery,907721.74,10260,29284
1006,2024-12,Fresh Produce,337231.39,3961,10569
1006,2024-12,Meat & Seafood,506976.72,5311,23300
1006,2024-12,Bakery,245177.53,2771,11268
1006,2024-12,Frozen Foods,391078.59,4251,16126
1006,2024-12,Beverages,476700.27,6434,20037
1006,2024-12,Household,604746.7,7070,20425
1006,2024-12,Electronics,565800.35,7015,26461
1006,2024-12,Health & Beauty,247805.43,3341,10409
1006,2024-12,Home & Garden,137259.14,1849,8251
1006,2024-12,Apparel,140947.77,1531,5988
1006,2024-12,Gas Station,197531.82,4046,15067
1007,2024-12,Grocery,920396.21,9526,25166
1007,2024-12,Fresh Produce,366176.11,4145,12294
1007,2024-12,Meat & Seafood,550674.14,7418,31355
1007,2024-12,Bakery,242149.52,2886,7539
1007,2024-12,Frozen Foods,392837.41,3847,10937
1007,2024-12,Beverages,483007.72,4966,12745
1007,2024-12,Household,577338.19,6122,16077
1007,2024-12,Electronics,566019.05,5052,17189
1007,2024-12,Health & Beauty,244308.07,3188,10953
1007,2024-12,Home & Garden,165327.2,1877,8052
1007,2024-12,Apparel,149084.29,1907,5291
1007,2024-12,Gas Station,233402.95,5467,21828
1008,2024-12,Grocery,1150267.12,15039,51995
1008,2024-12,Fresh Produce,382782.22,4816,14750
1008,2024-12,Meat & Seafood,727752.19,9033,35822
1008,2024-12,Bakery,304803.71,3719,11021
1008,2024-12,Frozen Foods,485982.8,5125,15294
1008,2024-12,Beverages,621514.48,7405,29042
1008,2024-12,Household,698813.55,8854,38388
1008,2024-12,Electronics,677708.45,7767,31072
1008,2024-12,Health & Beauty,288889.43,3666,9760
1008,2024-12,Home & Garden,175024.32,2401,9299
1008,2024-12,Apparel,173739.75,2084,8432
1008,2024-12,Gas Station,282058.47,6208,22162
1009,2024-12,Grocery,1119362.24,10721,32794
1009,2024-12,Fresh Produce,396906.89,4784,15774
1009,2024-12,Meat & Seafood,573342.46,7181,25631
1009,2024-12,Bakery,265438.94,3390,14943
1009,2024-12,Frozen Foods,436215.42,4559,13083
1009,2024-12,Beverages,523770.47,6093,17961
1009,2024-12,Household,621327.7,5845,26039
1009,2024-12,Electronics,670490.63,8514,30429
1009,2024-12,Health & Beauty,264886.11,3417,13387
1009,2024-12,Home & Garden,181367.92,2231,9663
1009,2024-12,Apparel,154640.49,1999,6301
1009,2024-12,Gas Station,279529.77,6106,16962
1010,2024-12,Grocery,818759.46,9322,38899
1010,2024-12,Fresh Produce,338106.12,3841,15771
1010,2024-12,Meat & Seafood,513389.33,6072,21297
1010,2024-12,Bakery,240546.46,2734,10073
1010,2024-12,Frozen Foods,410294.45,4376,14853
1010,2024-12,Beverages,489910.58,6039,20064
1010,2024-12,Household,599438.78,6493,21446
1010,2024-12,Electronics,580052.67,6391,18354
1010,2024-12,Health & Beauty,245554.54,3149,13244
1010,2024-12,Home & Garden,160164.7,1950,6839
1010,2024-12,Apparel,137940.83,1628,6089
1010,2024-12,Gas Station,240365.59,4095,16527
1011,2024-12,Grocery,903515.16,12100,41146
1011,2024-12,Fresh Produce,328732.28,3948,16391
1011,2024-12,Meat & Seafood,465967.52,5601,23191
1011,2024-12,Bakery,230678.41,2898,12613
1011,2024-12,Frozen Foods,356429.41,4368,16937
1011,2024-12,Beverages,388432.95,4714,15801
1011,2024-12,Household,507657.77,6100,22135
1011,2024-12,Electronics,509323.3,6406,22755
1011,2024-12,Health & Beauty,219207.92,2830,8168
1011,2024-12,Home & Garden,120038.51,1087,3539
1011,2024-12,Apparel,110141.61,1362,3948
1011,2024-12,Gas Station,193001.2,4225,15427
1012,2024-12,Grocery,1130540.84,12367,35917
1012,2024-12,Fresh Produce,388423.17,3916,14050
1012,2024-12,Meat & Seafood,596171.63,7410,24412
1012,2024-12,Bakery,267037.45,3368,10729
1012,2024-12,Frozen Foods,423941.05,5073,18583
1012,2024-12,Beverages,519849.69,5523,18709
1012,2024-12,Household,681357.79,7675,32643
1012,2024-12,Electronics,647921.23,6915,25576
1012,2024-12,Health & Beauty,287571.36,3453,9426
1012,2024-12,Home & Garden,173310.95,2039,7475
1012,2024-12,Apparel,162349.35,1791,5602
1012,2024-12,Gas Station,260759.17,4921,20890
1013,2024-12,Grocery,1097092.28,11779,45735
1013,2024-12,Fresh Produce,409891.54,4148,17250
1013,2024-12,Meat & Seafood,539511.32,6653,22365
1013,2024-12,Bakery,290048.11,3092,12654
1013,2024-12,Frozen Foods,449463.46,5982,19013
1013,2024-12,Beverages,533719.01,6313,25186
1013,2024-12,Household,646956.49,7579,19894
1013,2024-12,Electronics,703412.1,6775,23227
1013,2024-12,Health & Beauty,269301.36,3913,14960
1013,2024-12,Home & Garden,172773.2,1982,7319
1013,2024-12,Apparel,160931.47,1890,6163
1013,2024-12,Gas Station,261912.25,5257,17303
1014,2024-12,Grocery,1205000.6,17386,67133
1014,2024-12,Fresh Produce,438630.01,5231,17563
1014,2024-12,Meat & Seafood,702712.76,7123,23330
1014,2024-12,Bakery,277166.07,3396,14310
1014,2024-12,Frozen Foods,456365.71,5362,20921
1014,2024-12,Beverages,610403.88,7000,21831
1014,2024-12,Household,745621.59,8795,30734
1014,2024-12,Electronics,732865.32,8933,28153
1014,2024-12,Health & Beauty,310529.71,3741,13721
1014,2024-12,Home & Garden,175828.83,2163,5772
1014,2024-12,Apparel,173363.14,2319,7068
1014,2024-12,Gas Station,264484.7,6194,25259
1015,2024-12,Grocery,1215755.7,11679,46669
1015,2024-12,Fresh Produce,445319.08,5676,24731
1015,2024-12,Meat & Seafood,622825.31,8120,24604
1015,2024-12,Bakery,287304.12,3584,9624
1015,2024-12,Frozen Foods,514266.24,6129,16565
1015,2024-12,Beverages,620689.66,7699,26673
1015,2024-12,Household,761221.55,9861,42369
1015,2024-12,Electronics,687670.19,8268,22677
1015,2024-12,Health & Beauty,289015.71,3598,11358
1015,2024-12,Home & Garden,188688.76,2217,6645
1015,2024-12,Apparel,166607.31,1830,5074
1015,2024-12,Gas Station,298219.09,7021,21168
1016,2024-12,Grocery,1223391.68,16069,64274
1016,2024-12,Fresh Produce,413395.38,4692,12384
1016,2024-12,Meat & Seafood,628565.07,7213,22185
1016,2024-12,Bakery,299120.77,3788,16004
1016,2024-12,Frozen Foods,470555.03,6006,15506
1016,2024-12,Beverages,560804.4,6688,17564
1016,2024-12,Household,670888.08,8825,28015
1016,2024-12,Electronics,646966.39,7179,24517
1016,2024-12,Health & Beauty,274831.73,3717,14869
1016,2024-12,Home & Garden,182334.72,2401,6551
1016,2024-12,Apparel,170777.65,2153,7010
1016,2024-12,Gas Station,265134.87,5876,23996
1017,2024-12,Grocery,745717.38,7126,23271
1017,2024-12,Fresh Produce,294811.89,4075,17879
1017,2024-12,Meat & Seafood,424937.57,4869,16002
1017,2024-12,Bakery,210968.44,2562,8178
1017,2024-12,Frozen Foods,300841.23,4005,14956
1017,2024-12,Beverages,396042.13,4851,16049
1017,2024-12,Household,499245.18,7487,22979
1017,2024-12,Electronics,511121.64,6048,23407
1017,2024-12,Health & Beauty,191695.42,2109,6391
1017,2024-12,Home & Garden,122477.51,1412,4015
1017,2024-12,Apparel,113100.6,1353,3555
1017,2024-12,Gas Station,180719.27,3737,13193
1018,2024-12,Grocery,1242345.76,14965,53360
1018,2024-12,Fresh Produce,465864.23,5712,14400
1018,2024-12,Meat & Seafood,711961.18,9269,29584
1018,2024-12,Bakery,312073.61,3501,12514
1018,2024-12,Frozen Foods,517926.32,6466,19676
1018,2024-12,Beverages,607035.7,7767,26816
1018,2024-12,Household,743468.64,7902,24464
1018,2024-12,Electronics,825118.2,8693,28217
1018,2024-12,Health & Beauty,323198.9,4055,17795
1018,2024-12,Home & Garden,192964.86,2267,6812
1018,2024-12,Apparel,191506.23,2516,7326
1018,2024-12,Gas Station,298419.43,6540,29244
1019,2024-12,Grocery,1018076.56,12501,39200
1019,2024-12,Fresh Produce,313418.1,3739,14092
1019,2024-12,Meat & Seafood,514517.23,6229,27743
1019,2024-12,Bakery,246655.02,2516,8746
1019,2024-12,Frozen Foods,437899.77,4598,13473
1019,2024-12,Beverages,515811.69,6190,27824
1019,2024-12,Household,573070.06,5647,16853
1019,2024-12,Electronics,568793.25,5547,16519
1019,2024-12,Health & Beauty,267602.51,3566,14980
1019,2024-12,Home & Garden,162060.94,2224,8467
1019,2024-12,Apparel,154551.24,1533,5332
1019,2024-12,Gas Station,232556.47,4887,15068
1020,2024-12,Grocery,831806.02,9011,39719
1020,2024-12,Fresh Produce,327869.65,3943,15172
1020,2024-12,Meat & Seafood,509135.34,6370,19191
1020,2024-12,Bakery,205713.05,2429,9717
1020,2024-12,Frozen Foods,384022.3,4585,19319
1020,2024-12,Beverages,403838.39,3719,13285
1020,2024-12,Household,523559.07,5882,25749
1020,2024-12,Electronics,583860.04,6715,26953
1020,2024-12,Health & Beauty,202983.73,2576,11575
1020,2024-12,Home & Garden,146235.4,1556,3984
1020,2024-12,Apparel,133131.19,1664,4894
1020,2024-12,Gas Station,216725.94,4553,15040
1021,2024-12,Grocery,1420023.51,16723,63575
1021,2024-12,Fresh Produce,453539.13,5553,19581
1021,2024-12,Meat & Seafood,714810.56,7845,32486
1021,2024-12,Bakery,333909.02,3847,12150
1021,2024-12,Frozen Foods,532822.06,5865,17650
1021,2024-12,Beverages,713129.14,7581,26860
1021,2024-12,Household,853381.45,10696,28434
1021,2024-12,Electronics,788029.83,8088,35357
1021,2024-12,Health & Beauty,304054.96,3444,12480
1021,2024-12,Home & Garden,216588.16,2320,8437
1021,2024-12,Apparel,201173.43,1972,8514
1021,2024-12,Gas Station,316450.13,8084,35494
1022,2024-12,Grocery,1102877.44,12570,43297
1022,2024-12,Fresh Produce,420513.98,5107,21180
1022,2024-12,Meat & Seafood,611111.72,7684,31820
1022,2024-12,Bakery,308074.49,3245,12850
1022,2024-12,Frozen Foods,406591.93,4516,11961
1022,2024-12,Beverages,564250.61,7848,25787
1022,2024-12,Household,675193.37,7307,29873
1022,2024-12,Electronics,640121.06,7974,30774
1022,2024-12,Health & Beauty,287116.87,4037,17701
1022,2024-12,Home & Garden,193559.04,2716,10856
1022,2024-12,Apparel,173816.08,2130,9396
1022,2024-12,Gas Station,266058.87,6176,16637
1023,2024-12,Grocery,877004.05,10165,27521
1023,2024-12,Fresh Produce,308503.34,3532,13548
1023,2024-12,Meat & Seafood,479614.25,4457,18243
1023,2024-12,Bakery,233998.88,2478,7124
1023,2024-12,Frozen Foods,337756.45,4281,11931
1023,2024-12,Beverages,429737.77,4818,16986
1023,2024-12,Household,553893.85,7365,31264
1023,2024-12,Electronics,520060.84,5149,22406
1023,2024-12,Health & Beauty,207895.85,2835,7832
1023,2024-12,Home & Garden,144641.84,1434,5644
1023,2024-12,Apparel,133754.74,1420,5112
1023,2024-12,Gas Station,229563.54,5174,21600
1024,2024-12,Grocery,1058923.13,12037,36514
1024,2024-12,Fresh Produce,380779.6,4343,11781
1024,2024-12,Meat & Seafood,568837.35,6509,26000
1024,2024-12,Bakery,272416.62,3232,13117
1024,2024-12,Frozen Foods,464976.2,6679,27201
1024,2024-12,Beverages,547785.18,6216,21706
1024,2024-12,Household,679557.07,7991,35743
1024,2024-12,Electronics,637903.43,6964,26981
1024,2024-12,Health & Beauty,248595.68,2827,8818
1024,2024-12,Home & Garden,183171.43,2193,6004
1024,2024-12,Apparel,165061.3,1936,5692
1024,2024-12,Gas Station,245872.74,5758,15426
1025,2024-12,Grocery,808591.86,10401,41818
1025,2024-12,Fresh Produce,288803.18,3407,14419
1025,2024-12,Meat & Seafood,454286.11,5890,19959
1025,2024-12,Bakery,224229.73,2378,7650
1025,2024-12,Frozen Foods,332201.82,3268,8767
1025,2024-12,Beverages,402149.09,4966,14723
1025,2024-12,Household,492635.6,6206,17699
1025,2024-12,Electronics,506277.85,6601,18311
1025,2024-12,Health & Beauty,215475.82,2610,11660
1025,2024-12,Home & Garden,143892.13,2115,7224
1025,2024-12,Apparel,119265.45,1127,4100
1025,2024-12,Gas Station,220166.73,4964,14139
1001,2025-01,Grocery,704635.11,7925,26933
1001,2025-01,Fresh Produce,248207.3,3038,8352
1001,2025-01,Meat & Seafood,369683.16,4153,14088
1001,2025-01,Bakery,174135.31,1679,5725
1001,2025-01,Frozen Foods,283159.74,3163,11836
1001,2025-01,Beverages,330679.71,4125,15496
1001,2025-01,Household,408527.82,4550,15920
1001,2025-01,Electronics,234191.24,2540,10448
1001,2025-01,Health & Beauty,180424.18,2274,6072
1001,2025-01,Home & Garden,107563.21,1265,3912
1001,2025-01,Apparel,109472.95,1227,5519
1001,2025-01,Gas Station,150832.93,3257,11953
1002,2025-01,Grocery,796003.13,7993,30644
1002,2025-01,Fresh Produce,253358.22,2910,9810
1002,2025-01,Meat & Seafood,379356.42,4203,15913
1002,2025-01,Bakery,180930.47,1807,5312
1002,2025-01,Frozen Foods,288431.08,3350,9269
1002,2025-01,Beverages,364844.92,4115,18266
1002,2025-01,Household,423210.33,3462,12616
1002,2025-01,Electronics,231603.45,2386,8179
1002,2025-01,Health & Beauty,176387.9,2348,8942
1002,2025-01,Home & Garden,107750.68,1091,3486
1002,2025-01,Apparel,107299.87,1307,4611
1002,2025-01,Gas Station,150195.2,3425,13822
1003,2025-01,Grocery,613243.4,7096,18651
1003,2025-01,Fresh Produce,204205.2,2691,11347
1003,2025-01,Meat & Seafood,313401.32,4232,18594
1003,2025-01,Bakery,141294.38,1546,6745
1003,2025-01,Frozen Foods,210774.41,2638,11770
1003,2025-01,Beverages,281723.38,3658,14628
1003,2025-01,Household,351429.25,3693,9654
1003,2025-01,Electronics,204690.33,2718,7352
1003,2025-01,Health & Beauty,134014.02,1575,6675
1003,2025-01,Home & Garden,92985.51,1094,3988
1003,2025-01,Apparel,92985.59,1013,3893
1003,2025-01,Gas Station,121827.37,2383,8965
1004,2025-01,Grocery,888331.52,10792,40618
1004,2025-01,Fresh Produce,320514.37,4081,15783
1004,2025-01,Meat & Seafood,444785.39,5715,24227
1004,2025-01,Bakery,193798.13,1995,8769
1004,2025-01,Frozen Foods,301083.65,3447,12239
1004,2025-01,Beverages,392163.12,4513,20293
1004,2025-01,Household,432287.43,5259,23610
1004,2025-01,Electronics,268062.87,3308,9992
1004,2025-01,Health & Beauty,202705.07,2573,9967
1004,2025-01,Home & Garden,128568.33,1613,4948
1004,2025-01,Apparel,112129.43,1463,5879
1004,2025-01,Gas Station,181329.72,4108,14483
1005,2025-01,Grocery,400734.1,3942,15980
1005,2025-01,Fresh Produce,160543.91,1927,7936
1005,2025-01,Meat & Seafood,223617.95,2622,11538
1005,2025-01,Bakery,117445.81,1315,5796
1005,2025-01,Frozen Foods,169767.92,2123,8596
1005,2025-01,Beverages,206202.7,2559,6643
1005,2025-01,Household,239150.02,2717,11797
1005,2025-01,Electronics,144720.86,1815,5457
1005,2025-01,Health & Beauty,102401.42,1225,3921
1005,2025-01,Home & Garden,71272.94,836,3614
1005,2025-01,Apparel,67960.08,786,2372
1005,2025-01,Gas Station,107484.06,2336,10265
1006,2025-01,Grocery,638952.01,6565,19341
1006,2025-01,Fresh Produce,245996.93,3031,8730
1006,2025-01,Meat & Seafood,291835.43,4052,10705
1006,2025-01,Bakery,151796.87,1969,7185
1006,2025-01,Frozen Foods,279402.8,4166,11308
1006,2025-01,Beverages,290281.98,2656,10537
1006,2025-01,Household,377238.52,4978,13309
1006,2025-01,Electronics,205388.83,2296,6312
1006,2025-01,Health & Beauty,146007.15,1609,4724
1006,2025-01,Home & Garden,101903.43,866,2408
1006,2025-01,Apparel,84903.74,911,2611
1006,2025-01,Gas Station,148024.63,3218,12457
1007,2025-01,Grocery,578101.79,6573,19372
1007,2025-01,Fresh Produce,217911.5,2636,8953
1007,2025-01,Meat & Seafood,322824.07,3224,8564
1007,2025-01,Bakery,146675.77,1572,5342
1007,2025-01,Frozen Foods,237263.95,2969,10237
1007,2025-01,Beverages,274513.65,3109,7795
1007,2025-01,Household,363845.37,4088,12801
1007,2025-01,Electronics,190005.29,2380,7375
1007,2025-01,Health & Beauty,154782.0,1656,7114
1007,2025-01,Home & Garden,93698.8,1083,2807
1007,2025-01,Apparel,89095.42,1134,3237
1007,2025-01,Gas Station,140848.01,3082,11889
1008,2025-01,Grocery,622391.21,7224,29185
1008,2025-01,Fresh Produce,220702.25,2549,10116
1008,2025-01,Meat & Seafood,314480.3,3741,15201
1008,2025-01,Bakery,152096.94,1644,4414
1008,2025-01,Frozen Foods,233234.25,2246,7926
1008,2025-01,Beverages,322921.64,3903,10832
1008,2025-01,Household,385037.1,4116,16278
1008,2025-01,Electronics,206553.13,2615,8137
1008,2025-01,Health & Beauty,151493.37,1777,6614
1008,2025-01,Home & Garden,100643.02,1379,3800
1008,2025-01,Apparel,86364.51,1086,2789
1008,2025-01,Gas Station,156594.04,3606,11501
1009,2025-01,Grocery,693945.32,8647,25920
1009,2025-01,Fresh Produce,263855.01,3010,11400
1009,2025-01,Meat & Seafood,380943.49,4306,13738
1009,2025-01,Bakery,160486.91,1967,8387
1009,2025-01,Frozen Foods,265264.92,3414,10879
1009,2025-01,Beverages,373131.97,4457,15022
1009,2025-01,Household,432500.47,4366,17468
1009,2025-01,Electronics,240302.31,2649,11274
1009,2025-01,Health & Beauty,179491.92,1867,5980
1009,2025-01,Home & Garden,110055.87,1198,4380
1009,2025-01,Apparel,104848.22,1419,3630
1009,2025-01,Gas Station,172000.22,3572,13938
1010,2025-01,Grocery,621443.13,8701,29435
1010,2025-01,Fresh Produce,218497.5,2389,10124
1010,2025-01,Meat & Seafood,360844.5,4533,16942
1010,2025-01,Bakery,160156.13,1786,6119
1010,2025-01,Frozen Foods,256948.89,3016,11382
1010,2025-01,Beverages,308067.87,3962,11089
1010,2025-01,Household,370214.72,4687,13420
1010,2025-01,Electronics,207923.41,2419,8313
1010,2025-01,Health & Beauty,152318.15,1777,7481
1010,2025-01,Home & Garden,105668.59,1065,4185
1010,2025-01,Apparel,84666.85,932,4123
1010,2025-01,Gas Station,150524.84,3338,8377
1011,2025-01,Grocery,582174.61,6541,21675
1011,2025-01,Fresh Produce,211699.79,2535,11387
1011,2025-01,Meat & Seafood,293507.42,3607,13600
1011,2025-01,Bakery,149805.24,1726,4672
1011,2025-01,Frozen Foods,242727.6,2554,7758
1011,2025-01,Beverages,309556.81,3748,14243
1011,2025-01,Household,351690.38,4266,18335
1011,2025-01,Electronics,191002.17,2030,5544
1011,2025-01,Health & Beauty,149340.62,1743,6171
1011,2025-01,Home & Garden,94396.24,1244,3959
1011,2025-01,Apparel,93029.56,1160,3403
1011,2025-01,Gas Station,135779.95,3166,8851
1012,2025-01,Grocery,578664.11,7545,33423
1012,2025-01,Fresh Produce,223322.41,2224,9931
1012,2025-01,Meat & Seafood,350790.53,5458,16458
1012,2025-01,Bakery,161516.72,1794,5710
1012,2025-01,Frozen Foods,267851.56,3332,12777
1012,2025-01,Beverages,326502.39,3657,10679
1012,2025-01,Household,404215.44,4497,16068
1012,2025-01,Electronics,214415.31,2635,9790
1012,2025-01,Health & Beauty,162399.47,1781,7168
1012,2025-01,Home & Garden,94673.26,1177,3016
1012,2025-01,Apparel,97715.67,1046,4569
1012,2025-01,Gas Station,157598.91,3210,13587
1013,2025-01,Grocery,786958.45,8716,26965
1013,2025-01,Fresh Produce,290532.08,3457,9189
1013,2025-01,Meat & Seafood,423421.85,4518,11438
1013,2025-01,Bakery,193083.37,2370,10204
1013,2025-01,Frozen Foods,312548.43,3459,10544
1013,2025-01,Beverages,394144.82,5150,21138
1013,2025-01,Household,448598.3,4587,11875
1013,2025-01,Electronics,240041.41,2707,7400
1013,2025-01,Health & Beauty,176951.1,2322,8504
1013,2025-01,Home & Garden,123384.93,1130,3635
1013,2025-01,Apparel,114192.01,1676,6861
1013,2025-01,Gas Station,192494.89,4741,15063
1014,2025-01,Grocery,624514.88,6863,25227
1014,2025-01,Fresh Produce,225408.03,2719,11788
1014,2025-01,Meat & Seafood,339332.44,4311,15327
1014,2025-01,Bakery,158480.05,1873,7578
1014,2025-01,Frozen Foods,251539.37,2867,8145
1014,2025-01,Beverages,288731.14,3308,12832
1014,2025-01,Household,366260.18,4597,12246
1014,2025-01,Electronics,222433.81,2300,7262
1014,2025-01,Health & Beauty,149025.84,1650,5766
1014,2025-01,Home & Garden,104265.03,1113,2953
1014,2025-01,Apparel,87822.78,1109,3857
1014,2025-01,Gas Station,155125.28,3115,13676
1015,2025-01,Grocery,728068.13,9700,37506
1015,2025-01,Fresh Produce,250199.0,3078,10335
1015,2025-01,Meat & Seafood,369684.03,4087,12404
1015,2025-01,Bakery,167599.36,1659,4557
1015,2025-01,Frozen Foods,281782.48,3388,13448
1015,2025-01,Beverages,332777.6,3873,10667
1015,2025-01,Household,419415.64,4927,16787
1015,2025-01,Electronics,248447.73,2505,6813
1015,2025-01,Health & Beauty,176288.61,2301,9734
1015,2025-01,Home & Garden,109943.22,1489,4065
1015,2025-01,Apparel,108673.04,1501,4355
1015,2025-01,Gas Station,174019.51,3789,11848
1016,2025-01,Grocery,799438.03,10642,41490
1016,2025-01,Fresh Produce,240110.69,3489,15568
1016,2025-01,Meat & Seafood,390526.91,4751,19066
1016,2025-01,Bakery,190655.57,2023,5759
1016,2025-01,Frozen Foods,297965.1,4132,15949
1016,2025-01,Beverages,383741.11,4159,18679
1016,2025-01,Household,444155.32,6322,27477
1016,2025-01,Electronics,234891.35,2697,9798
1016,2025-01,Health & Beauty,173416.38,2246,7681
1016,2025-01,Home & Garden,113982.36,1152,3247
1016,2025-01,Apparel,112528.42,1454,4599
1016,2025-01,Gas Station,177091.7,4641,16235
1017,2025-01,Grocery,443667.69,4845,14601
1017,2025-01,Fresh Produce,165051.16,1952,5905
1017,2025-01,Meat & Seafood,262812.28,2477,10100
1017,2025-01,Bakery,115016.68,1448,5625
1017,2025-01,Frozen Foods,188730.46,2153,7622
1017,2025-01,Beverages,226162.46,2582,10485
1017,2025-01,Household,279039.71,2897,11931
1017,2025-01,Electronics,144120.82,1612,4598
1017,2025-01,Health & Beauty,115273.91,1362,4748
1017,2025-01,Home & Garden,66004.52,776,2535
1017,2025-01,Apparel,69000.47,729,2392
1017,2025-01,Gas Station,100116.6,1976,5813
1018,2025-01,Grocery,793780.08,10988,36593
1018,2025-01,Fresh Produce,279706.51,3143,7923
1018,2025-01,Meat & Seafood,431183.3,4632,19842
1018,2025-01,Bakery,188736.01,1952,5331
1018,2025-01,Frozen Foods,310629.26,3616,15676
1018,2025-01,Beverages,395409.09,5129,18153
1018,2025-01,Household,472229.03,4797,20656
1018,2025-01,Electronics,279591.13,3194,13995
1018,2025-01,Health & Beauty,210306.28,2782,9474
1018,2025-01,Home & Garden,130657.96,1737,6450
1018,2025-01,Apparel,119879.92,1576,6473
1018,2025-01,Gas Station,181623.48,4042,13208
1019,2025-01,Grocery,530343.25,6291,16798
1019,2025-01,Fresh Produce,183487.23,2387,10571
1019,2025-01,Meat & Seafood,276535.68,2902,11155
1019,2025-01,Bakery,140674.25,1502,3808
1019,2025-01,Frozen Foods,229500.71,2412,8758
1019,2025-01,Beverages,273039.45,3105,10015
1019,2025-01,Household,321035.34,4187,17908
1019,2025-01,Electronics,184762.91,2556,8007
1019,2025-01,Health & Beauty,132913.37,1393,5048
1019,2025-01,Home & Garden,83194.77,923,3572
1019,2025-01,Apparel,79245.45,845,2242
1019,2025-01,Gas Station,135818.58,2536,9731
1020,2025-01,Grocery,517466.58,5387,22856
1020,2025-01,Fresh Produce,163408.11,1785,5967
1020,2025-01,Meat & Seafood,283754.04,3178,13667
1020,2025-01,Bakery,117938.06,1429,5493
1020,2025-01,Frozen Foods,207193.71,2562,10633
1020,2025-01,Beverages,241857.54,3138,12224
1020,2025-01,Household,299855.35,3341,11337
1020,2025-01,Electronics,171357.52,2002,8687
1020,2025-01,Health & Beauty,116188.91,1276,5355
1020,2025-01,Home & Garden,78694.67,1008,3788
1020,2025-01,Apparel,76333.8,840,3161
1020,2025-01,Gas Station,112117.72,2492,10795
1021,2025-01,Grocery,697540.91,9528,33839
1021,2025-01,Fresh Produce,257371.71,3213,14122
1021,2025-01,Meat & Seafood,398433.38,4937,18717
1021,2025-01,Bakery,162693.94,1973,6938
1021,2025-01,Frozen Foods,279911.21,3205,12170
1021,2025-01,Beverages,361584.64,4599,12789
1021,2025-01,Household,437397.06,6153,25830
1021,2025-01,Electronics,210790.6,2681,9063
1021,2025-01,Health & Beauty,169562.81,2275,8340
1021,2025-01,Home & Garden,110383.16,1312,4651
1021,2025-01,Apparel,103844.06,1213,3758
1021,2025-01,Gas Station,159111.05,3257,9479
1022,2025-01,Grocery,715343.36,8237,25716
1022,2025-01,Fresh Produce,264369.87,3227,12812
1022,2025-01,Meat & Seafood,378505.82,4828,20639
1022,2025-01,Bakery,177592.86,1907,7005
1022,2025-01,Frozen Foods,294098.76,3284,10753
1022,2025-01,Beverages,361627.6,4893,14002
1022,2025-01,Household,415269.57,5300,18452
1022,2025-01,Electronics,248714.46,2725,10441
1022,2025-01,Health & Beauty,185481.58,2154,9150
1022,2025-01,Home & Garden,121912.45,1578,4741
1022,2025-01,Apparel,102704.81,1277,3560
1022,2025-01,Gas Station,157383.87,3302,12243
1023,2025-01,Grocery,533680.19,5876,23165
1023,2025-01,Fresh Produce,198718.8,2510,11204
1023,2025-01,Meat & Seafood,280013.09,3526,15501
1023,2025-01,Bakery,139398.68,1950,8197
1023,2025-01,Frozen Foods,217825.81,2226,9779
1023,2025-01,Beverages,263182.91,2820,9582
1023,2025-01,Household,340603.52,4096,15564
1023,2025-01,Electronics,199452.65,2500,8950
1023,2025-01,Health & Beauty,146347.17,1867,7019
1023,2025-01,Home & Garden,91732.34,953,4232
1023,2025-01,Apparel,75087.12,854,2976
1023,2025-01,Gas Station,126572.23,2724,8318
1024,2025-01,Grocery,638937.2,7246,21567
1024,2025-01,Fresh Produce,215944.64,2006,8590
1024,2025-01,Meat & Seafood,323544.49,3703,13140
1024,2025-01,Bakery,159190.67,1954,8728
1024,2025-01,Frozen Foods,237234.67,3055,11056
1024,2025-01,Beverages,302607.84,3095,13451
1024,2025-01,Household,386837.06,4424,11329
1024,2025-01,Electronics,229923.49,2897,8455
1024,2025-01,Health & Beauty,171785.68,2074,7787
1024,2025-01,Home & Garden,104261.8,1222,4707
1024,2025-01,Apparel,96229.14,1182,4693
1024,2025-01,Gas Station,148801.01,3088,13021
1025,2025-01,Grocery,506153.37,5301,23062
1025,2025-01,Fresh Produce,178602.38,2101,5510
1025,2025-01,Meat & Seafood,292732.62,3731,16569
1025,2025-01,Bakery,137747.57,1307,4624
1025,2025-01,Frozen Foods,212619.84,2214,8827
1025,2025-01,Beverages,266603.13,2880,9986
1025,2025-01,Household,325410.69,3434,8762
1025,2025-01,Electronics,166997.62,2051,5134
1025,2025-01,Health & Beauty,117174.91,1465,5401
1025,2025-01,Home & Garden,80716.26,808,3113
1025,2025-01,Apparel,83436.19,1029,2812
1025,2025-01,Gas Station,119080.31,2306,9212
1001,2025-02,Grocery,622780.55,8816,25027
1001,2025-02,Fresh Produce,250986.35,2970,12329
1001,2025-02,Meat & Seafood,369553.33,4096,17822
1001,2025-02,Bakery,190790.31,2253,9744
1001,2025-02,Frozen Foods,276054.89,3598,12144
1001,2025-02,Beverages,366736.87,3916,12037
1001,2025-02,Household,398675.37,4087,11666
1001,2025-02,Electronics,245250.42,3325,11523
1001,2025-02,Health & Beauty,179277.64,2064,5280
1001,2025-02,Home & Garden,112063.75,1345,4563
1001,2025-02,Apparel,106923.54,1267,3705
1001,2025-02,Gas Station,142651.76,3823,11533
1002,2025-02,Grocery,708656.34,8501,22223
1002,2025-02,Fresh Produce,238276.47,2902,11101
1002,2025-02,Meat & Seafood,409246.48,4063,11789
1002,2025-02,Bakery,187787.66,2262,8604
1002,2025-02,Frozen Foods,248939.62,3133,13927
1002,2025-02,Beverages,356858.01,4044,12905
1002,2025-02,Household,409302.01,4618,19098
1002,2025-02,Electronics,252914.04,3200,14066
1002,2025-02,Health & Beauty,172866.97,2018,7505
1002,2025-02,Home & Garden,105996.44,1175,4530
1002,2025-02,Apparel,95495.13,1181,4599
1002,2025-02,Gas Station,152267.63,3381,10231
1003,2025-02,Grocery,504367.21,6292,26957
1003,2025-02,Fresh Produce,176718.62,2014,6799
1003,2025-02,Meat & Seafood,263116.48,2504,9192
1003,2025-02,Bakery,123779.32,1466,3857
1003,2025-02,Frozen Foods,215137.57,2954,9505
1003,2025-02,Beverages,257363.89,3397,13900
1003,2025-02,Household,308589.46,3554,15514
1003,2025-02,Electronics,190570.3,2137,6535
1003,2025-02,Health & Beauty,137352.87,1671,4316
1003,2025-02,Home & Garden,85332.62,1126,4183
1003,2025-02,Apparel,83181.5,985,2548
1003,2025-02,Gas Station,128607.55,2753,11024
1004,2025-02,Grocery,859953.58,7683,23777
1004,2025-02,Fresh Produce,326831.09,3445,14117
1004,2025-02,Meat & Seafood,488539.67,5536,16979
1004,2025-02,Bakery,233462.38,2705,10655
1004,2025-02,Frozen Foods,318629.47,4215,13761
1004,2025-02,Beverages,403177.6,5260,21550
1004,2025-02,Household,518202.59,5548,16392
1004,2025-02,Electronics,285783.53,3354,11327
1004,2025-02,Health & Beauty,195765.8,2203,5562
1004,2025-02,Home & Garden,137925.07,1699,5075
1004,2025-02,Apparel,126192.87,1844,7880
1004,2025-02,Gas Station,199467.03,4569,11743
1005,2025-02,Grocery,546754.42,6668,16900
1005,2025-02,Fresh Produce,194347.78,2322,8006
1005,2025-02,Meat & Seafood,260234.18,2977,11398
1005,2025-02,Bakery,122237.17,1518,6492
1005,2025-02,Frozen Foods,192924.41,2228,8975
1005,2025-02,Beverages,262843.1,3462,14564
1005,2025-02,Household,315056.94,3833,12908
1005,2025-02,Electronics,168693.13,2051,7253
1005,2025-02,Health & Beauty,120006.49,1457,6448
1005,2025-02,Home & Garden,80038.99,901,3901
1005,2025-02,Apparel,73873.5,864,3193
1005,2025-02,Gas Station,117414.74,2648,11770
1006,2025-02,Grocery,805480.38,11753,35595
1006,2025-02,Fresh Produce,273876.31,3253,13380
1006,2025-02,Meat & Seafood,364959.75,4347,17881
1006,2025-02,Bakery,181019.42,2299,6383
1006,2025-02,Frozen Foods,272502.0,3690,13644
1006,2025-02,Beverages,332545.45,3645,14786
1006,2025-02,Household,412388.78,3882,12290
1006,2025-02,Electronics,271259.47,2838,8540
1006,2025-02,Health & Beauty,194197.54,2709,8751
1006,2025-02,Home & Garden,126029.59,1699,7027
1006,2025-02,Apparel,112680.37,1156,3120
1006,2025-02,Gas Station,179110.16,4042,16633
1007,2025-02,Grocery,590973.76,6961,24857
1007,2025-02,Fresh Produce,221859.39,2781,11454
1007,2025-02,Meat & Seafood,342797.71,4364,12953
1007,2025-02,Bakery,153162.55,1673,4598
1007,2025-02,Frozen Foods,240645.22,3126,9835
1007,2025-02,Beverages,303111.68,3772,12374
1007,2025-02,Household,372763.5,4070,12526
1007,2025-02,Electronics,225865.68,3084,12146
1007,2025-02,Health & Beauty,153703.35,2112,6678
1007,2025-02,Home & Garden,95456.72,1221,4291
1007,2025-02,Apparel,96649.79,1103,3710
1007,2025-02,Gas Station,156543.56,3155,11688
1008,2025-02,Grocery,659825.76,6659,19659
1008,2025-02,Fresh Produce,267472.02,3210,9526
1008,2025-02,Meat & Seafood,379205.13,4748,14860
1008,2025-02,Bakery,165697.76,1786,5407
1008,2025-02,Frozen Foods,271108.78,3705,11754
1008,2025-02,Beverages,338209.66,3497,12087
1008,2025-02,Household,396278.68,4634,18111
1008,2025-02,Electronics,220163.01,2607,10972
1008,2025-02,Health & Beauty,166574.99,2375,8363
1008,2025-02,Home & Garden,109756.89,1453,5829
1008,2025-02,Apparel,103635.48,1097,2995
1008,2025-02,Gas Station,164447.69,3704,12827
1009,2025-02,Grocery,787862.41,9658,36292
1009,2025-02,Fresh Produce,282700.33,3578,11494
1009,2025-02,Meat & Seafood,425780.3,4688,15256
1009,2025-02,Bakery,177386.06,2404,9640
1009,2025-02,Frozen Foods,308023.03,4354,11745
1009,2025-02,Beverages,383780.6,4630,13169
1009,2025-02,Household,499452.68,6250,20402
1009,2025-02,Electronics,269751.14,2867,12109
1009,2025-02,Health & Beauty,190601.23,2726,7681
1009,2025-02,Home & Garden,120526.15,1326,3445
1009,2025-02,Apparel,102303.97,1343,5391
1009,2025-02,Gas Station,186723.52,3462,12377
1010,2025-02,Grocery,659263.49,8107,36049
1010,2025-02,Fresh Produce,232463.86,2552,11016
1010,2025-02,Meat & Seafood,376129.94,4393,18780
1010,2025-02,Bakery,160266.05,1678,5177
1010,2025-02,Frozen Foods,292568.08,3499,10980
1010,2025-02,Beverages,296218.21,3409,13235
1010,2025-02,Household,423488.18,4514,11967
1010,2025-02,Electronics,225846.85,3153,13241
1010,2025-02,Health & Beauty,176269.01,1900,6190
1010,2025-02,Home & Garden,104589.08,1119,4302
1010,2025-02,Apparel,98878.99,1373,4400
1010,2025-02,Gas Station,159978.63,3442,14645
1011,2025-02,Grocery,576061.71,6528,26793
1011,2025-02,Fresh Produce,210706.63,2222,6264
1011,2025-02,Meat & Seafood,293234.94,3752,12799
1011,2025-02,Bakery,143227.07,1779,5288
1011,2025-02,Frozen Foods,207658.84,2837,9184
1011,2025-02,Beverages,261761.11,3558,11357
1011,2025-02,Household,310444.93,3945,9984
1011,2025-02,Electronics,190004.23,1980,7758
1011,2025-02,Health & Beauty,135589.46,1649,6563
1011,2025-02,Home & Garden,91352.85,1028,4010
1011,2025-02,Apparel,79331.16,917,3636
1011,2025-02,Gas Station,135290.77,2603,8872
1012,2025-02,Grocery,661075.66,7906,20049
1012,2025-02,Fresh Produce,260603.69,3381,13830
1012,2025-02,Meat & Seafood,357619.06,4141,17221
1012,2025-02,Bakery,151352.57,1725,5253
1012,2025-02,Frozen Foods,231981.45,3000,10230
1012,2025-02,Beverages,318737.18,2955,10106
1012,2025-02,Household,407995.21,5756,19570
1012,2025-02,Electronics,207470.28,2173,6485
1012,2025-02,Health & Beauty,147399.47,1741,4399
1012,2025-02,Home & Garden,106599.16,1334,3490
1012,2025-02,Apparel,93249.82,1077,3247
1012,2025-02,Gas Station,152303.6,3047,9431
1013,2025-02,Grocery,564812.79,6353,22542
1013,2025-02,Fresh Produce,202401.27,2429,9745
1013,2025-02,Meat & Seafood,294913.03,3448,10755
1013,2025-02,Bakery,147011.89,1645,6264
1013,2025-02,Frozen Foods,223318.37,2108,8069
1013,2025-02,Beverages,288165.51,3400,13423
1013,2025-02,Household,333344.26,3851,14929
1013,2025-02,Electronics,195368.96,2180,6806
1013,2025-02,Health & Beauty,135985.09,1654,6691
1013,2025-02,Home & Garden,96746.07,1133,4155
1013,2025-02,Apparel,84823.09,980,2586
1013,2025-02,Gas Station,124933.47,2752,11020
1014,2025-02,Grocery,709561.1,9669,24270
1014,2025-02,Fresh Produce,246961.94,3100,10674
1014,2025-02,Meat & Seafood,389108.24,4313,16164
1014,2025-02,Bakery,170890.08,2179,7651
1014,2025-02,Frozen Foods,275882.29,3172,12089
1014,2025-02,Beverages,331918.97,3593,14878
1014,2025-02,Household,388941.02,4698,14737
1014,2025-02,Electronics,262024.24,2797,11115
1014,2025-02,Health & Beauty,178667.85,1493,5557
1014,2025-02,Home & Garden,108763.18,1157,4642
1014,2025-02,Apparel,103710.42,1279,5289
1014,2025-02,Gas Station,159435.34,3930,12626
1015,2025-02,Grocery,664540.23,9427,31067
1015,2025-02,Fresh Produce,241552.97,2615,9076
1015,2025-02,Meat & Seafood,322263.58,3042,8674
1015,2025-02,Bakery,167470.31,1845,7987
1015,2025-02,Frozen Foods,278029.16,3123,12539
1015,2025-02,Beverages,344975.27,4107,12428
1015,2025-02,Household,406973.59,4059,12299
1015,2025-02,Electronics,241985.36,3232,13735
1015,2025-02,Health & Beauty,170480.77,1629,5501
1015,2025-02,Home & Garden,107070.55,1447,6348
1015,2025-02,Apparel,101328.45,1215,3298
1015,2025-02,Gas Station,166241.19,3711,12533
1016,2025-02,Grocery,786263.5,9824,35295
1016,2025-02,Fresh Produce,276453.79,2637,9554
1016,2025-02,Meat & Seafood,441413.62,5507,17819
1016,2025-02,Bakery,192839.26,2367,6696
1016,2025-02,Frozen Foods,301369.47,4118,17093
1016,2025-02,Beverages,408483.12,4790,17103
1016,2025-02,Household,454598.09,5077,17162
1016,2025-02,Electronics,254173.65,2592,7796
1016,2025-02,Health & Beauty,212085.68,2743,9100
1016,2025-02,Home & Garden,122089.95,1603,4262
1016,2025-02,Apparel,112825.83,1317,4466
1016,2025-02,Gas Station,180611.16,3689,14856
1017,2025-02,Grocery,566561.4,7355,30520
1017,2025-02,Fresh Produce,203974.28,2549,8111
1017,2025-02,Meat & Seafood,305651.98,3790,9962
1017,2025-02,Bakery,148835.06,2063,8853
1017,2025-02,Frozen Foods,211225.38,2810,12455
1017,2025-02,Beverages,289483.54,3810,11757
1017,2025-02,Household,363851.13,3807,10065
1017,2025-02,Electronics,200261.18,2122,7342
1017,2025-02,Health & Beauty,133389.37,1521,5146
1017,2025-02,Home & Garden,86898.31,1110,2786
1017,2025-02,Apparel,80706.48,974,3059
1017,2025-02,Gas Station,131625.21,3070,11406
1018,2025-02,Grocery,683121.52,8510,32535
1018,2025-02,Fresh Produce,261031.08,2969,10843
1018,2025-02,Meat & Seafood,373100.7,3803,9935
1018,2025-02,Bakery,176629.46,2084,8668
1018,2025-02,Frozen Foods,263216.48,2807,7737
1018,2025-02,Beverages,316625.74,3833,14761
1018,2025-02,Household,399759.56,4845,18369
1018,2025-02,Electronics,255037.28,2712,10667
1018,2025-02,Health & Beauty,179253.56,1898,5768
1018,2025-02,Home & Garden,116070.3,1209,3492
1018,2025-02,Apparel,113180.39,1236,5205
1018,2025-02,Gas Station,169843.97,3407,13246
1019,2025-02,Grocery,552448.39,6616,22131
1019,2025-02,Fresh Produce,208130.64,2230,6304
1019,2025-02,Meat & Seafood,307796.13,3358,12984
1019,2025-02,Bakery,152687.96,2155,8740
1019,2025-02,Frozen Foods,247366.11,3247,12136
1019,2025-02,Beverages,313690.72,3575,9110
1019,2025-02,Household,389923.12,4179,11116
1019,2025-02,Electronics,211086.09,2174,7869
1019,2025-02,Health & Beauty,158467.75,1975,5445
1019,2025-02,Home & Garden,102163.84,1025,2871
1019,2025-02,Apparel,93676.93,738,2708
1019,2025-02,Gas Station,136375.26,4121,13044
1020,2025-02,Grocery,488470.11,4637,17972
1020,2025-02,Fresh Produce,185547.28,2092,6037
1020,2025-02,Meat & Seafood,286493.71,3462,11728
1020,2025-02,Bakery,122086.96,1512,4229
1020,2025-02,Frozen Foods,193458.86,2571,10202
1020,2025-02,Beverages,288870.66,3066,8789
1020,2025-02,Household,317499.08,4214,17639
1020,2025-02,Electronics,171450.25,2246,5639
1020,2025-02,Health & Beauty,128244.83,1468,5882
1020,2025-02,Home & Garden,87950.51,1083,3071
1020,2025-02,Apparel,79064.73,890,3813
1020,2025-02,Gas Station,124291.19,3303,11542
1021,2025-02,Grocery,743011.92,8274,36963
1021,2025-02,Fresh Produce,270180.89,3241,14560
1021,2025-02,Meat & Seafood,413872.0,5393,13915
1021,2025-02,Bakery,189568.48,2432,10304
1021,2025-02,Frozen Foods,306466.0,3728,14525
1021,2025-02,Beverages,358168.5,3686,11489
1021,2025-02,Household,453278.71,5162,20119
1021,2025-02,Electronics,253343.34,2986,8032
1021,2025-02,Health & Beauty,188598.04,2207,5875
1021,2025-02,Home & Garden,114685.27,1462,6221
1021,2025-02,Apparel,115433.43,1466,4164
1021,2025-02,Gas Station,171138.35,3539,13119
1022,2025-02,Grocery,775823.15,9022,31691
1022,2025-02,Fresh Produce,286764.16,3156,12191
1022,2025-02,Meat & Seafood,433029.37,5354,19397
1022,2025-02,Bakery,190671.63,2117,7383
1022,2025-02,Frozen Foods,300284.03,2786,10025
1022,2025-02,Beverages,384747.44,4888,15393
1022,2025-02,Household,481498.25,6178,27295
1022,2025-02,Electronics,280397.03,2982,12500
1022,2025-02,Health & Beauty,203026.05,1997,6526
1022,2025-02,Home & Garden,120831.0,1387,4732
1022,2025-02,Apparel,117658.41,1307,3779
1022,2025-02,Gas Station,184073.36,4247,13101
1023,2025-02,Grocery,594056.16,7302,24358
1023,2025-02,Fresh Produce,193861.57,2224,9749
1023,2025-02,Meat & Seafood,301901.84,3633,13243
1023,2025-02,Bakery,154668.96,1819,6478
1023,2025-02,Frozen Foods,243522.63,2533,9081
1023,2025-02,Beverages,298248.11,2988,12379
1023,2025-02,Household,352112.45,4024,12873
1023,2025-02,Electronics,190769.08,1896,6036
1023,2025-02,Health & Beauty,142293.89,1803,7151
1023,2025-02,Home & Garden,100420.04,1284,3975
1023,2025-02,Apparel,81513.18,916,3998
1023,2025-02,Gas Station,154831.84,3368,13366
1024,2025-02,Grocery,682744.7,8988,31264
1024,2025-02,Fresh Produce,269479.05,2754,11427
1024,2025-02,Meat & Seafood,374011.67,3922,17209
1024,2025-02,Bakery,196892.11,2206,6535
1024,2025-02,Frozen Foods,301627.15,3229,9209
1024,2025-02,Beverages,375350.55,4118,17826
1024,2025-02,Household,449370.74,5410,21873
1024,2025-02,Electronics,244955.55,2937,10881
1024,2025-02,Health & Beauty,180194.57,2255,9428
1024,2025-02,Home & Garden,112044.23,1243,4694
1024,2025-02,Apparel,106664.1,1175,4651
1024,2025-02,Gas Station,171474.68,4314,14002
1025,2025-02,Grocery,494057.01,5186,14133
1025,2025-02,Fresh Produce,175671.37,2084,7407
1025,2025-02,Meat & Seafood,283439.91,3380,15036
1025,2025-02,Bakery,124461.35,1402,4101
1025,2025-02,Frozen Foods,207548.44,2756,7550
1025,2025-02,Beverages,275413.41,3183,12916
1025,2025-02,Household,320368.3,3878,15961
1025,2025-02,Electronics,169598.6,1980,7806
1025,2025-02,Health & Beauty,126545.72,1459,5766
1025,2025-02,Home & Garden,78235.67,996,3120
1025,2025-02,Apparel,74843.14,883,3490
1025,2025-02,Gas Station,117269.25,2912,11734
1001,2025-03,Grocery,617122.78,7804,27668
1001,2025-03,Fresh Produce,233617.29,2467,10753
1001,2025-03,Meat & Seafood,334060.0,4046,14610
1001,2025-03,Bakery,152170.53,1789,5446
1001,2025-03,Frozen Foods,281530.56,3446,13570
1001,2025-03,Beverages,306079.99,4179,11630
1001,2025-03,Household,398051.12,4780,13162
1001,2025-03,Electronics,231069.34,3045,13078
1001,2025-03,Health & Beauty,160982.43,2065,5575
1001,2025-03,Home & Garden,98493.59,1166,4535
1001,2025-03,Apparel,94850.52,1049,2636
1001,2025-03,Gas Station,162489.2,3483,9348
1002,2025-03,Grocery,755352.97,7217,22076
1002,2025-03,Fresh Produce,272727.15,3245,9050
1002,2025-03,Meat & Seafood,405516.94,4977,18810
1002,2025-03,Bakery,194268.83,2147,6129
1002,2025-03,Frozen Foods,315344.9,3356,14620
1002,2025-03,Beverages,388833.33,4288,16787
1002,2025-03,Household,501521.04,5801,16586
1002,2025-03,Electronics,264373.72,3250,10345
1002,2025-03,Health & Beauty,197214.64,2559,9040
1002,2025-03,Home & Garden,128666.27,1757,4963
1002,2025-03,Apparel,112456.39,1374,5649
1002,2025-03,Gas Station,180184.97,3975,10046
1003,2025-03,Grocery,668829.0,7907,28702
1003,2025-03,Fresh Produce,255672.07,3081,11416
1003,2025-03,Meat & Seafood,366944.87,4189,11150
1003,2025-03,Bakery,169427.24,2129,9012
1003,2025-03,Frozen Foods,272234.67,3209,13079
1003,2025-03,Beverages,344452.2,4228,13434
1003,2025-03,Household,426207.58,5588,17306
1003,2025-03,Electronics,228899.98,2882,11525
1003,2025-03,Health & Beauty,180475.59,2277,8572
1003,2025-03,Home & Garden,107669.45,1381,4244
1003,2025-03,Apparel,94463.01,1025,4309
1003,2025-03,Gas Station,147916.54,3953,12981
1004,2025-03,Grocery,976423.32,11667,33913
1004,2025-03,Fresh Produce,323577.93,4023,12224
1004,2025-03,Meat & Seafood,505047.14,6769,26000
1004,2025-03,Bakery,224529.16,2237,10024
1004,2025-03,Frozen Foods,378951.35,3721,15586
1004,2025-03,Beverages,461362.25,4627,17259
1004,2025-03,Household,487272.13,4981,16063
1004,2025-03,Electronics,350241.8,4635,17643
1004,2025-03,Health & Beauty,238602.49,2631,11593
1004,2025-03,Home & Garden,164756.64,2004,7241
1004,2025-03,Apparel,139962.76,1432,4703
1004,2025-03,Gas Station,213471.1,4625,19088
1005,2025-03,Grocery,517996.1,5417,23356
1005,2025-03,Fresh Produce,197510.36,2299,7637
1005,2025-03,Meat & Seafood,305236.75,3873,10702
1005,2025-03,Bakery,127078.58,1628,4813
1005,2025-03,Frozen Foods,217935.2,2236,9331
1005,2025-03,Beverages,276062.43,2883,10499
1005,2025-03,Household,319977.72,4414,18820
1005,2025-03,Electronics,172056.76,1695,4286
1005,2025-03,Health & Beauty,128413.62,1226,3983
1005,2025-03,Home & Garden,91296.91,1043,4661
1005,2025-03,Apparel,74720.34,948,3842
1005,2025-03,Gas Station,116300.19,2376,8842
1006,2025-03,Grocery,691354.29,7855,25742
1006,2025-03,Fresh Produce,289143.28,3224,8664
1006,2025-03,Meat & Seafood,459313.76,5700,19883
1006,2025-03,Bakery,179767.92,2421,10628
1006,2025-03,Frozen Foods,338503.48,3709,15396
1006,2025-03,Beverages,366517.84,4231,16566
1006,2025-03,Household,469192.04,5497,24546
1006,2025-03,Electronics,234867.77,2273,7537
1006,2025-03,Health & Beauty,196676.72,2157,8666
1006,2025-03,Home & Garden,115758.8,1357,4232
1006,2025-03,Apparel,116938.18,1293,3458
1006,2025-03,Gas Station,182350.29,4476,17746
1007,2025-03,Grocery,756373.98,10114,34322
1007,2025-03,Fresh Produce,289843.0,4153,11280
1007,2025-03,Meat & Seafood,414318.57,5087,13099
1007,2025-03,Bakery,195275.25,2034,7661
1007,2025-03,Frozen Foods,295620.94,3571,9606
1007,2025-03,Beverages,375593.72,4535,14277
1007,2025-03,Household,459000.07,4869,15594
1007,2025-03,Electronics,264503.07,3137,11906
1007,2025-03,Health & Beauty,189972.85,2133,9190
1007,2025-03,Home & Garden,123012.66,1537,4905
1007,2025-03,Apparel,124044.2,1606,6669
1007,2025-03,Gas Station,192448.62,4481,13543
1008,2025-03,Grocery,872310.22,11911,52070
1008,2025-03,Fresh Produce,297763.85,3459,10440
1008,2025-03,Meat & Seafood,445614.65,5594,18581
1008,2025-03,Bakery,213642.61,2820,11301
1008,2025-03,Frozen Foods,303051.71,3381,11717
1008,2025-03,Beverages,436775.07,4892,15142
1008,2025-03,Household,479047.43,5854,22676
1008,2025-03,Electronics,286828.96,3633,13150
1008,2025-03,Health & Beauty,209969.65,2570,7759
1008,2025-03,Home & Garden,140524.26,1480,5876
1008,2025-03,Apparel,118831.01,1215,5445
1008,2025-03,Gas Station,196293.59,3982,10452
1009,2025-03,Grocery,715395.76,9188,30298
1009,2025-03,Fresh Produce,261395.16,2316,7181
1009,2025-03,Meat & Seafood,393868.02,4341,17129
1009,2025-03,Bakery,184875.29,2031,6444
1009,2025-03,Frozen Foods,272877.24,2839,11328
1009,2025-03,Beverages,394917.23,4931,12914
1009,2025-03,Household,437076.65,4340,17741
1009,2025-03,Electronics,258417.2,2817,11616
1009,2025-03,Health & Beauty,185211.36,2035,6947
1009,2025-03,Home & Garden,113831.46,1375,5653
1009,2025-03,Apparel,104072.43,1197,4694
1009,2025-03,Gas Station,153829.04,3085,12067
1010,2025-03,Grocery,688897.36,8653,35023
1010,2025-03,Fresh Produce,231420.31,2588,9796
1010,2025-03,Meat & Seafood,383131.56,4322,11864
1010,2025-03,Bakery,153152.37,1570,6870
1010,2025-03,Frozen Foods,281316.31,3127,9126
1010,2025-03,Beverages,331312.34,3755,14760
1010,2025-03,Household,404076.58,4507,13813
1010,2025-03,Electronics,250768.06,3068,10939
1010,2025-03,Health & Beauty,180604.59,1993,7927
1010,2025-03,Home & Garden,108170.43,1394,4963
1010,2025-03,Apparel,107734.3,1233,3648
1010,2025-03,Gas Station,156341.83,3013,8920
1011,2025-03,Grocery,651249.23,8113,26922
1011,2025-03,Fresh Produce,229375.18,2566,7685
1011,2025-03,Meat & Seafood,354016.04,4414,14443
1011,2025-03,Bakery,167002.43,1949,5642
1011,2025-03,Frozen Foods,264745.63,3575,9834
1011,2025-03,Beverages,339066.1,3164,12594
1011,2025-03,Household,383168.64,4924,18169
1011,2025-03,Electronics,213640.73,2503,6797
1011,2025-03,Health & Beauty,160439.48,2021,5183
1011,2025-03,Home & Garden,100692.02,1502,5440
1011,2025-03,Apparel,100722.3,1358,3757
1011,2025-03,Gas Station,152337.15,3703,14374
1012,2025-03,Grocery,657850.43,7545,25132
1012,2025-03,Fresh Produce,220657.93,2571,9261
1012,2025-03,Meat & Seafood,327867.23,3990,12412
1012,2025-03,Bakery,152149.63,2012,6002
1012,2025-03,Frozen Foods,237768.79,2963,12715
1012,2025-03,Beverages,318535.27,3521,12320
1012,2025-03,Household,390118.03,5422,18761
1012,2025-03,Electronics,232425.8,2715,11879
1012,2025-03,Health & Beauty,155827.06,1850,8275
1012,2025-03,Home & Garden,108036.85,1425,4129
1012,2025-03,Apparel,97536.6,1009,4358
1012,2025-03,Gas Station,145956.22,3477,8705
1013,2025-03,Grocery,664717.22,7829,22777
1013,2025-03,Fresh Produce,257359.9,2652,6734
1013,2025-03,Meat & Seafood,358092.19,4385,12017
1013,2025-03,Bakery,169652.97,1861,7472
1013,2025-03,Frozen Foods,265082.46,3656,13285
1013,2025-03,Beverages,366115.36,4914,16562
1013,2025-03,Household,413092.62,4836,20552
1013,2025-03,Electronics,247862.16,2686,7285
1013,2025-03,Health & Beauty,188536.49,2286,9392
1013,2025-03,Home & Garden,113832.77,1272,4049
1013,2025-03,Apparel,102307.29,1239,5514
1013,2025-03,Gas Station,157557.1,3347,8397
1014,2025-03,Grocery,826562.47,7823,24630
1014,2025-03,Fresh Produce,291357.68,3095,9305
1014,2025-03,Meat & Seafood,466259.51,4788,18964
1014,2025-03,Bakery,223208.52,2499,8046
1014,2025-03,Frozen Foods,321509.55,3821,12538
1014,2025-03,Beverages,419849.7,5225,20546
1014,2025-03,Household,473171.99,5142,23098
1014,2025-03,Electronics,271876.81,2937,8577
1014,2025-03,Health & Beauty,168460.96,1915,8240
1014,2025-03,Home & Garden,130203.2,1518,5606
1014,2025-03,Apparel,119440.33,1748,7221
1014,2025-03,Gas Station,182797.94,4055,17320
1015,2025-03,Grocery,726455.68,7536,22242
1015,2025-03,Fresh Produce,260913.31,3235,8912
1015,2025-03,Meat & Seafood,394487.97,4773,20500
1015,2025-03,Bakery,183542.7,1714,6974
1015,2025-03,Frozen Foods,259679.61,3069,12806
1015,2025-03,Beverages,339183.55,3600,9146
1015,2025-03,Household,440420.96,6177,18410
1015,2025-03,Electronics,206705.96,2487,10018
1015,2025-03,Health & Beauty,168780.63,2084,9319
1015,2025-03,Home & Garden,120842.92,1556,6833
1015,2025-03,Apparel,108535.18,1253,3329
1015,2025-03,Gas Station,174250.29,4087,16034
1016,2025-03,Grocery,704086.92,7388,28876
1016,2025-03,Fresh Produce,256523.93,3057,8321
1016,2025-03,Meat & Seafood,363224.65,3736,10286
1016,2025-03,Bakery,153530.04,2041,6264
1016,2025-03,Frozen Foods,266120.25,2821,10482
1016,2025-03,Beverages,320768.03,3874,10652
1016,2025-03,Household,421908.36,5154,13895
1016,2025-03,Electronics,237948.41,2779,11583
1016,2025-03,Health & Beauty,184192.0,2153,8971
1016,2025-03,Home & Garden,113368.66,1293,4449
1016,2025-03,Apparel,100218.93,1299,3274
1016,2025-03,Gas Station,173807.99,4210,16004
1017,2025-03,Grocery,497218.53,6989,25967
1017,2025-03,Fresh Produce,177530.4,1686,5205
1017,2025-03,Meat & Seafood,301393.1,3546,10003
1017,2025-03,Bakery,113595.83,1165,4280
1017,2025-03,Frozen Foods,188150.44,2631,10277
1017,2025-03,Beverages,258257.29,2958,13052
1017,2025-03,Household,271996.35,2969,7805
1017,2025-03,Electronics,174407.68,1669,5091
1017,2025-03,Health & Beauty,131174.69,1465,4591
1017,2025-03,Home & Garden,84530.01,1011,3248
1017,2025-03,Apparel,75554.9,912,3053
1017,2025-03,Gas Station,120084.27,2101,9442
1018,2025-03,Grocery,896306.02,11351,50063
1018,2025-03,Fresh Produce,306044.99,3857,10922
1018,2025-03,Meat & Seafood,450823.86,6040,20815
1018,2025-03,Bakery,224248.59,2701,9016
1018,2025-03,Frozen Foods,333600.58,4264,16612
1018,2025-03,Beverages,373824.4,4356,12561
1018,2025-03,Household,550463.8,5898,22639
1018,2025-03,Electronics,295504.36,3413,8894
1018,2025-03,Health & Beauty,198108.69,2400,8820
1018,2025-03,Home & Garden,130909.68,1418,4334
1018,2025-03,Apparel,131454.88,1669,6611
1018,2025-03,Gas Station,197111.48,4657,19497
1019,2025-03,Grocery,663578.82,8658,30868
1019,2025-03,Fresh Produce,258552.93,3176,8582
1019,2025-03,Meat & Seafood,375748.17,4822,21352
1019,2025-03,Bakery,159308.37,1923,7411
1019,2025-03,Frozen Foods,283110.59,3831,10770
1019,2025-03,Beverages,347662.94,3997,10875
1019,2025-03,Household,363659.34,3529,9073
1019,2025-03,Electronics,225968.96,2760,6999
1019,2025-03,Health & Beauty,168210.19,1996,8747
1019,2025-03,Home & Garden,110957.63,1252,3964
1019,2025-03,Apparel,107306.62,1125,2862
1019,2025-03,Gas Station,162338.51,3664,13620
1020,2025-03,Grocery,717471.45,8908,34578
1020,2025-03,Fresh Produce,251324.52,3029,9754
1020,2025-03,Meat & Seafood,380928.17,4931,20781
1020,2025-03,Bakery,173028.08,1508,4564
1020,2025-03,Frozen Foods,269386.15,3030,10539
1020,2025-03,Beverages,365736.64,4779,12977
1020,2025-03,Household,466830.15,5425,19311
1020,2025-03,Electronics,260452.46,2633,11683
1020,2025-03,Health & Beauty,175522.4,1898,6288
1020,2025-03,Home & Garden,107122.18,1291,3683
1020,2025-03,Apparel,111024.08,1467,6064
1020,2025-03,Gas Station,154223.75,3763,15547
1021,2025-03,Grocery,890557.39,10355,27252
1021,2025-03,Fresh Produce,320451.71,3026,9309
1021,2025-03,Meat & Seafood,492313.72,6265,20917
1021,2025-03,Bakery,205230.38,2253,5989
1021,2025-03,Frozen Foods,365992.33,3450,10019
1021,2025-03,Beverages,434057.85,5068,14440
1021,2025-03,Household,540061.89,5948,26757
1021,2025-03,Electronics,284074.21,3047,11635
1021,2025-03,Health & Beauty,205411.1,2183,6150
1021,2025-03,Home & Garden,134929.21,1481,3757
1021,2025-03,Apparel,128995.38,1463,5928
1021,2025-03,Gas Station,210665.87,4766,14866
1022,2025-03,Grocery,874840.76,9610,35583
1022,2025-03,Fresh Produce,288994.53,2821,7060
1022,2025-03,Meat & Seafood,500366.72,5875,24360
1022,2025-03,Bakery,213618.89,2776,10441
1022,2025-03,Frozen Foods,341966.91,3688,10361
1022,2025-03,Beverages,396698.91,4146,13876
1022,2025-03,Household,536193.12,6407,21072
1022,2025-03,Electronics,323338.37,3871,10468
1022,2025-03,Health & Beauty,216903.03,2843,12714
1022,2025-03,Home & Garden,144187.99,1769,7252
1022,2025-03,Apparel,120311.94,1300,4369
1022,2025-03,Gas Station,187068.02,4073,17469
1023,2025-03,Grocery,633153.64,7627,33513
1023,2025-03,Fresh Produce,242754.74,3144,10112
1023,2025-03,Meat & Seafood,341514.72,3519,12644
1023,2025-03,Bakery,143490.6,1654,5147
1023,2025-03,Frozen Foods,290504.63,3468,11498
1023,2025-03,Beverages,327439.59,4319,19096
1023,2025-03,Household,392203.68,4149,14029
1023,2025-03,Electronics,214878.34,2769,9108
1023,2025-03,Health & Beauty,157607.81,1850,8227
1023,2025-03,Home & Garden,104280.47,1215,3192
1023,2025-03,Apparel,94946.98,1124,4037
1023,2025-03,Gas Station,138660.72,3878,10846
1024,2025-03,Grocery,718803.22,8281,37246
1024,2025-03,Fresh Produce,268408.53,2871,9569
1024,2025-03,Meat & Seafood,347662.43,4518,16772
1024,2025-03,Bakery,168748.74,1989,8117
1024,2025-03,Frozen Foods,260621.46,2350,7519
1024,2025-03,Beverages,366774.2,4557,17299
1024,2025-03,Household,422012.61,5080,21473
1024,2025-03,Electronics,221970.09,2784,10510
1024,2025-03,Health & Beauty,188308.25,2226,9273
1024,2025-03,Home & Garden,114136.21,1405,3691
1024,2025-03,Apparel,109521.26,1424,5629
1024,2025-03,Gas Station,176295.01,4357,12755
1025,2025-03,Grocery,603009.69,7354,25889
1025,2025-03,Fresh Produce,194559.31,1652,4529
1025,2025-03,Meat & Seafood,282641.81,2763,7793
1025,2025-03,Bakery,133929.87,1426,5658
1025,2025-03,Frozen Foods,212242.94,2519,10129
1025,2025-03,Beverages,271088.66,3432,13438
1025,2025-03,Household,330588.98,3591,14560
1025,2025-03,Electronics,193528.89,2176,6368
1025,2025-03,Health & Beauty,145280.91,1954,6517
1025,2025-03,Home & Garden,85271.07,949,3902
1025,2025-03,Apparel,84144.8,906,3334
1025,2025-03,Gas Station,125639.21,2866,12367
1001,2025-04,Grocery,615323.33,8115,20888
1001,2025-04,Fresh Produce,242376.46,2942,9350
1001,2025-04,Meat & Seafood,327348.39,3628,14668
1001,2025-04,Bakery,162539.55,1812,5687
1001,2025-04,Frozen Foods,243700.54,2520,8579
1001,2025-04,Beverages,306904.21,3586,11414
1001,2025-04,Household,370009.72,4588,17228
1001,2025-04,Electronics,195137.11,2038,5189
1001,2025-04,Health & Beauty,125607.74,1488,4189
1001,2025-04,Home & Garden,159897.16,2181,6931
1001,2025-04,Apparel,93237.24,970,3885
1001,2025-04,Gas Station,139635.64,2881,10209
1002,2025-04,Grocery,814051.36,8835,22732
1002,2025-04,Fresh Produce,310396.22,3108,8307
1002,2025-04,Meat & Seafood,481072.76,5217,17837
1002,2025-04,Bakery,225065.63,2816,8737
1002,2025-04,Frozen Foods,318989.49,3661,11974
1002,2025-04,Beverages,404333.1,5336,19566
1002,2025-04,Household,515390.72,6172,15532
1002,2025-04,Electronics,282931.59,3551,11070
1002,2025-04,Health & Beauty,225447.22,2898,11785
1002,2025-04,Home & Garden,214818.33,2187,7916
1002,2025-04,Apparel,121744.05,1404,4947
1002,2025-04,Gas Station,200413.54,4472,15621
1003,2025-04,Grocery,610978.55,7177,23972
1003,2025-04,Fresh Produce,209199.95,2519,8585
1003,2025-04,Meat & Seafood,338327.7,3783,15388
1003,2025-04,Bakery,156024.6,1983,8259
1003,2025-04,Frozen Foods,240179.91,2430,9437
1003,2025-04,Beverages,324579.31,4153,12245
1003,2025-04,Household,343030.16,4117,16825
1003,2025-04,Electronics,184972.12,2322,5838
1003,2025-04,Health & Beauty,150982.51,1656,5462
1003,2025-04,Home & Garden,154708.31,1599,4556
1003,2025-04,Apparel,88968.93,1130,4177
1003,2025-04,Gas Station,139449.38,3100,13591
1004,2025-04,Grocery,847684.67,9522,24195
1004,2025-04,Fresh Produce,286096.18,3536,15005
1004,2025-04,Meat & Seafood,401144.83,4392,12277
1004,2025-04,Bakery,212138.57,2162,5525
1004,2025-04,Frozen Foods,328584.61,3769,16769
1004,2025-04,Beverages,422122.43,5707,15528
1004,2025-04,Household,517285.47,6158,23437
1004,2025-04,Electronics,285585.93,3966,9962
1004,2025-04,Health & Beauty,208845.25,2729,8770
1004,2025-04,Home & Garden,220202.94,2542,10051
1004,2025-04,Apparel,119382.15,1381,3860
1004,2025-04,Gas Station,196024.98,3908,15677
1005,2025-04,Grocery,653471.25,7238,21947
1005,2025-04,Fresh Produce,230714.07,2578,11534
1005,2025-04,Meat & Seafood,307640.23,3778,12456
1005,2025-04,Bakery,159765.16,1757,7110
1005,2025-04,Frozen Foods,231367.77,2806,8928
1005,2025-04,Beverages,301933.44,3754,14177
1005,2025-04,Household,381018.2,4541,18392
1005,2025-04,Electronics,213365.93,2860,8218
1005,2025-04,Health & Beauty,167069.07,1535,5920
1005,2025-04,Home & Garden,149555.06,2033,6161
1005,2025-04,Apparel,95871.74,1027,3893
1005,2025-04,Gas Station,140562.7,3583,10837
1006,2025-04,Grocery,790339.56,11360,36886
1006,2025-04,Fresh Produce,262418.03,3348,12978
1006,2025-04,Meat & Seafood,422222.94,3480,13170
1006,2025-04,Bakery,199305.69,2488,9329
1006,2025-04,Frozen Foods,333577.14,3713,13461
1006,2025-04,Beverages,404860.03,5157,21681
1006,2025-04,Household,432592.9,5776,19087
1006,2025-04,Electronics,291503.24,4128,17869
1006,2025-04,Health & Beauty,185538.02,2215,8269
1006,2025-04,Home & Garden,196026.71,1938,7495
1006,2025-04,Apparel,118703.68,1359,4847
1006,2025-04,Gas Station,182897.77,4629,14980
1007,2025-04,Grocery,686777.79,7418,26858
1007,2025-04,Fresh Produce,259902.79,2930,9620
1007,2025-04,Meat & Seafood,422794.86,5298,19963
1007,2025-04,Bakery,163762.6,1595,5317
1007,2025-04,Frozen Foods,286634.7,4082,14429
1007,2025-04,Beverages,363719.17,4269,18592
1007,2025-04,Household,418118.12,4754,19869
1007,2025-04,Electronics,251628.15,2910,11413
1007,2025-04,Health & Beauty,186352.35,1822,7995
1007,2025-04,Home & Garden,193131.56,2446,9720
1007,2025-04,Apparel,110492.25,1245,3800
1007,2025-04,Gas Station,169662.06,4000,16861
1008,2025-04,Grocery,725022.62,8790,36673
1008,2025-04,Fresh Produce,275140.27,3299,8545
1008,2025-04,Meat & Seafood,467446.67,5595,22333
1008,2025-04,Bakery,202162.51,2534,8570
1008,2025-04,Frozen Foods,330044.71,4174,17564
1008,2025-04,Beverages,424912.04,4807,12998
1008,2025-04,Household,474046.78,6120,16766
1008,2025-04,Electronics,273544.27,3496,14433
1008,2025-04,Health & Beauty,197488.46,2684,9515
1008,2025-04,Home & Garden,207612.26,2314,10091
1008,2025-04,Apparel,112572.23,1283,4472
1008,2025-04,Gas Station,201430.22,4881,20039
1009,2025-04,Grocery,744258.03,10526,34780
1009,2025-04,Fresh Produce,264147.57,3746,11242
1009,2025-04,Meat & Seafood,356505.73,3386,14426
1009,2025-04,Bakery,182595.69,2496,9680
1009,2025-04,Frozen Foods,310442.83,3782,14592
1009,2025-04,Beverages,363463.52,3628,14845
1009,2025-04,Household,455700.5,5295,17048
1009,2025-04,Electronics,241431.25,3042,11230
1009,2025-04,Health & Beauty,167150.47,2330,8193
1009,2025-04,Home & Garden,178579.36,2215,8347
1009,2025-04,Apparel,108807.84,1420,4431
1009,2025-04,Gas Station,158604.2,3741,11733
1010,2025-04,Grocery,687009.59,7175,25062
1010,2025-04,Fresh Produce,259208.27,3133,10016
1010,2025-04,Meat & Seafood,366751.79,4143,13990
1010,2025-04,Bakery,180388.86,2413,8667
1010,2025-04,Frozen Foods,322465.34,4049,10191
1010,2025-04,Beverages,375008.82,4237,16286
1010,2025-04,Household,437654.6,5266,15554
1010,2025-04,Electronics,252990.54,2941,10614
1010,2025-04,Health & Beauty,198014.53,2313,6735
1010,2025-04,Home & Garden,205483.44,2452,6880
1010,2025-04,Apparel,118857.25,1029,4377
1010,2025-04,Gas Station,178390.56,2955,8344
1011,2025-04,Grocery,779638.85,9360,30427
1011,2025-04,Fresh Produce,279226.36,2771,11339
1011,2025-04,Meat & Seafood,377723.52,4836,16456
1011,2025-04,Bakery,198097.13,2173,8190
1011,2025-04,Frozen Foods,269513.27,3396,10469
1011,2025-04,Beverages,377776.27,5018,17577
1011,2025-04,Household,394884.07,5160,15542
1011,2025-04,Electronics,249359.99,3145,8212
1011,2025-04,Health & Beauty,186368.3,2279,8546
1011,2025-04,Home & Garden,190105.6,2156,7177
1011,2025-04,Apparel,107921.14,1275,3791
1011,2025-04,Gas Station,169076.09,3673,11155
1012,2025-04,Grocery,834185.55,11354,48292
1012,2025-04,Fresh Produce,287769.28,3595,14433
1012,2025-04,Meat & Seafood,434703.25,4660,18847
1012,2025-04,Bakery,198288.88,1894,5411
1012,2025-04,Frozen Foods,319486.04,4032,14648
1012,2025-04,Beverages,428403.59,4993,14675
1012,2025-04,Household,503084.88,6585,19424
1012,2025-04,Electronics,292685.08,3456,10560
1012,2025-04,Health & Beauty,208456.32,2773,11457
1012,2025-04,Home & Garden,216062.71,2852,9795
1012,2025-04,Apparel,134303.18,1773,7868
1012,2025-04,Gas Station,201992.55,5597,18971
1013,2025-04,Grocery,756497.64,10202,25868
1013,2025-04,Fresh Produce,246613.64,2926,7469
1013,2025-04,Meat & Seafood,373645.45,4753,15120
1013,2025-04,Bakery,178673.1,2436,10380
1013,2025-04,Frozen Foods,264832.9,2906,9285
1013,2025-04,Beverages,366164.43,5064,21817
1013,2025-04,Household,425958.79,6270,25528
1013,2025-04,Electronics,241615.7,2976,8927
1013,2025-04,Health & Beauty,178810.0,2611,11693
1013,2025-04,Home & Garden,178830.86,2089,9305
1013,2025-04,Apparel,105608.2,1287,5545
1013,2025-04,Gas Station,160159.47,3021,13028
1014,2025-04,Grocery,700620.75,9398,26768
1014,2025-04,Fresh Produce,240672.33,3303,10528
1014,2025-04,Meat & Seafood,391080.08,4919,16942
1014,2025-04,Bakery,177381.46,1794,6652
1014,2025-04,Frozen Foods,269760.83,3061,10078
1014,2025-04,Beverages,362044.89,4828,14275
1014,2025-04,Household,375456.57,4171,16311
1014,2025-04,Electronics,247511.12,3673,10501
1014,2025-04,Health & Beauty,177846.37,1925,5249
1014,2025-04,Home & Garden,186754.45,2591,6736
1014,2025-04,Apparel,106698.82,1180,4401
1014,2025-04,Gas Station,171644.33,4595,19417
1015,2025-04,Grocery,864304.53,9853,37518
1015,2025-04,Fresh Produce,265523.03,3163,13468
1015,2025-04,Meat & Seafood,419810.25,5453,17331
1015,2025-04,Bakery,190437.48,2078,8186
1015,2025-04,Frozen Foods,306421.14,3333,10241
1015,2025-04,Beverages,382769.28,5208,14364
1015,2025-04,Household,399458.86,4986,14263
1015,2025-04,Electronics,253598.95,2814,7340
1015,2025-04,Health & Beauty,181700.76,2177,8497
1015,2025-04,Home & Garden,202944.88,2313,8749
1015,2025-04,Apparel,110520.67,1351,5631
1015,2025-04,Gas Station,166057.5,4211,18816
1016,2025-04,Grocery,1019432.96,11887,51700
1016,2025-04,Fresh Produce,329930.2,4407,19827
1016,2025-04,Meat & Seafood,468684.59,5795,22559
1016,2025-04,Bakery,212716.53,2440,8326
1016,2025-04,Frozen Foods,365405.26,4943,13044
1016,2025-04,Beverages,443711.57,5877,16275
1016,2025-04,Household,611135.49,7471,31939
1016,2025-04,Electronics,306941.68,3434,11023
1016,2025-04,Health & Beauty,211278.66,2538,10533
1016,2025-04,Home & Garden,234010.35,2814,9557
1016,2025-04,Apparel,134631.17,1305,3937
1016,2025-04,Gas Station,195260.28,4770,14619
1017,2025-04,Grocery,585374.85,7513,29677
1017,2025-04,Fresh Produce,225329.4,2207,8366
1017,2025-04,Meat & Seafood,312384.73,3609,11719
1017,2025-04,Bakery,158349.92,2089,5891
1017,2025-04,Frozen Foods,267379.72,3162,9777
1017,2025-04,Beverages,287654.87,3563,14836
1017,2025-04,Household,393796.3,5373,15686
1017,2025-04,Electronics,203434.57,2204,8223
1017,2025-04,Health & Beauty,150341.46,1835,8074
1017,2025-04,Home & Garden,156817.24,1752,4595
1017,2025-04,Apparel,94137.5,1046,3072
1017,2025-04,Gas Station,147607.0,2861,8732
1018,2025-04,Grocery,803470.08,9952,41444
1018,2025-04,Fresh Produce,301315.66,3233,11086
1018,2025-04,Meat & Seafood,420884.59,5611,24844
1018,2025-04,Bakery,200688.64,2255,6655
1018,2025-04,Frozen Foods,325515.15,3852,14797
1018,2025-04,Beverages,412974.74,4522,11931
1018,2025-04,Household,506609.67,5555,22626
1018,2025-04,Electronics,271373.23,2740,9320
1018,2025-04,Health & Beauty,190548.77,2016,6289
1018,2025-04,Home & Garden,231497.66,2358,8286
1018,2025-04,Apparel,130953.47,1593,6654
1018,2025-04,Gas Station,201470.96,3797,14513
1019,2025-04,Grocery,761312.99,8769,30508
1019,2025-04,Fresh Produce,268608.05,3038,8542
1019,2025-04,Meat & Seafood,400714.41,4236,13575
1019,2025-04,Bakery,172622.78,2130,6399
1019,2025-04,Frozen Foods,262953.85,2786,7044
1019,2025-04,Beverages,354744.57,3698,9751
1019,2025-04,Household,366559.12,4621,18642
1019,2025-04,Electronics,236231.56,3328,9815
1019,2025-04,Health & Beauty,188160.3,2441,6850
1019,2025-04,Home & Garden,187295.75,2399,9778
1019,2025-04,Apparel,107519.1,1067,3432
1019,2025-04,Gas Station,165448.23,3509,14802
1020,2025-04,Grocery,533839.69,6565,27576
1020,2025-04,Fresh Produce,199822.79,2106,5960
1020,2025-04,Meat & Seafood,315824.36,3663,11199
1020,2025-04,Bakery,144483.58,1842,6030
1020,2025-04,Frozen Foods,221915.79,2965,9945
1020,2025-04,Beverages,282110.42,2944,12738
1020,2025-04,Household,351122.51,4485,19449
1020,2025-04,Electronics,183121.96,2426,9906
1020,2025-04,Health & Beauty,142093.34,1767,4747
1020,2025-04,Home & Garden,137082.28,1410,4699
1020,2025-04,Apparel,83583.67,1017,3582
1020,2025-04,Gas Station,119163.96,2640,10291
1021,2025-04,Grocery,922784.55,11597,49916
1021,2025-04,Fresh Produce,324522.18,3235,13718
1021,2025-04,Meat & Seafood,533549.91,5223,14290
1021,2025-04,Bakery,231649.3,2556,9349
1021,2025-04,Frozen Foods,398148.34,3809,13446
1021,2025-04,Beverages,491327.49,6555,21949
1021,2025-04,Household,528945.92,6081,21444
1021,2025-04,Electronics,306196.1,4512,14219
1021,2025-04,Health & Beauty,228868.03,2743,11874
1021,2025-04,Home & Garden,213729.15,2258,6803
1021,2025-04,Apparel,142031.0,1543,4842
1021,2025-04,Gas Station,213552.91,5053,21730
1022,2025-04,Grocery,745736.61,7622,22099
1022,2025-04,Fresh Produce,261718.89,3714,16056
1022,2025-04,Meat & Seafood,403019.24,4993,21885
1022,2025-04,Bakery,185894.92,2186,6081
1022,2025-04,Frozen Foods,314074.21,3925,13123
1022,2025-04,Beverages,349619.44,4084,10352
1022,2025-04,Household,419906.14,4795,18020
1022,2025-04,Electronics,254808.16,2880,10187
1022,2025-04,Health & Beauty,188759.99,2060,5821
1022,2025-04,Home & Garden,201442.5,2525,9217
1022,2025-04,Apparel,100603.16,1168,3546
1022,2025-04,Gas Station,167019.62,3534,14762
1023,2025-04,Grocery,746733.97,8329,29319
1023,2025-04,Fresh Produce,231157.43,3159,12751
1023,2025-04,Meat & Seafood,348154.54,3151,11139
1023,2025-04,Bakery,176625.21,2285,7308
1023,2025-04,Frozen Foods,291940.14,3909,17051
1023,2025-04,Beverages,352426.62,4560,14514
1023,2025-04,Household,421931.49,5672,25356
1023,2025-04,Electronics,231782.41,2687,7093
1023,2025-04,Health & Beauty,177173.42,2120,5308
1023,2025-04,Home & Garden,187312.77,2483,9844
1023,2025-04,Apparel,109093.44,1220,3159
1023,2025-04,Gas Station,157160.06,3805,13141
1024,2025-04,Grocery,721914.23,8972,32001
1024,2025-04,Fresh Produce,237764.27,2323,5969
1024,2025-04,Meat & Seafood,376892.88,4033,17390
1024,2025-04,Bakery,171830.03,2005,5222
1024,2025-04,Frozen Foods,270256.84,3266,12391
1024,2025-04,Beverages,335127.61,3977,14592
1024,2025-04,Household,413740.79,4860,19070
1024,2025-04,Electronics,229486.45,2473,7354
1024,2025-04,Health & Beauty,170164.34,1621,5443
1024,2025-04,Home & Garden,177601.43,1865,6877
1024,2025-04,Apparel,99697.45,1150,3066
1024,2025-04,Gas Station,165476.34,3926,15820
1025,2025-04,Grocery,606800.92,6834,20839
1025,2025-04,Fresh Produce,232807.39,2980,12592
1025,2025-04,Meat & Seafood,330908.03,3889,17344
1025,2025-04,Bakery,153146.56,1978,6519
1025,2025-04,Frozen Foods,252879.2,2689,9968
1025,2025-04,Beverages,309707.22,3462,11137
1025,2025-04,Household,356210.36,4759,19734
1025,2025-04,Electronics,217104.05,2720,11234
1025,2025-04,Health & Beauty,153321.06,1672,4202
1025,2025-04,Home & Garden,171275.32,2055,8583
1025,2025-04,Apparel,81476.13,938,2634
1025,2025-04,Gas Station,131999.43,2565,9283
1001,2025-05,Grocery,850915.26,9800,30147
1001,2025-05,Fresh Produce,381561.85,4173,16376
1001,2025-05,Meat & Seafood,592888.68,6125,18517
1001,2025-05,Bakery,202423.64,1741,7063
1001,2025-05,Frozen Foods,317211.26,3922,16254
1001,2025-05,Beverages,430961.95,5326,15628
1001,2025-05,Household,480362.3,5163,15788
1001,2025-05,Electronics,290555.65,3491,10231
1001,2025-05,Health & Beauty,186501.67,2332,9533
1001,2025-05,Home & Garden,215404.15,2552,7504
1001,2025-05,Apparel,122382.17,1499,4989
1001,2025-05,Gas Station,195322.88,3260,14213
1002,2025-05,Grocery,825411.4,9618,41554
1002,2025-05,Fresh Produce,412906.05,5759,18660
1002,2025-05,Meat & Seafood,580746.43,7943,22237
1002,2025-05,Bakery,211085.59,2423,7533
1002,2025-05,Frozen Foods,319299.75,3769,13356
1002,2025-05,Beverages,381053.81,4777,17473
1002,2025-05,Household,521475.23,6789,27514
1002,2025-05,Electronics,285707.53,2756,12300
1002,2025-05,Health & Beauty,216636.94,2418,9042
1002,2025-05,Home & Garden,200716.53,2504,6659
1002,2025-05,Apparel,121179.25,1304,3611
1002,2025-05,Gas Station,192727.35,4652,16925
1003,2025-05,Grocery,705905.2,9260,31351
1003,2025-05,Fresh Produce,316872.46,4157,17057
1003,2025-05,Meat & Seafood,466237.75,5852,24666
1003,2025-05,Bakery,175898.44,2199,6278
1003,2025-05,Frozen Foods,292169.89,3076,11183
1003,2025-05,Beverages,318291.74,3989,13722
1003,2025-05,Household,417371.97,4166,15547
1003,2025-05,Electronics,213029.85,2559,9801
1003,2025-05,Health & Beauty,161320.09,2010,7470
1003,2025-05,Home & Garden,175943.24,2046,7878
1003,2025-05,Apparel,94192.12,1046,3835
1003,2025-05,Gas Station,159463.79,3535,15243
1004,2025-05,Grocery,1086645.98,13076,51210
1004,2025-05,Fresh Produce,486367.96,5489,21263
1004,2025-05,Meat & Seafood,762398.91,9476,41020
1004,2025-05,Bakery,280617.64,3244,10500
1004,2025-05,Frozen Foods,456965.25,6239,21710
1004,2025-05,Beverages,552491.08,6274,20915
1004,2025-05,Household,594755.05,8174,36228
1004,2025-05,Electronics,401044.74,5003,21876
1004,2025-05,Health & Beauty,272697.36,3218,8265
1004,2025-05,Home & Garden,270880.65,3494,12783
1004,2025-05,Apparel,159605.51,1719,6032
1004,2025-05,Gas Station,262126.82,5989,26185
1005,2025-05,Grocery,612922.05,7252,32535
1005,2025-05,Fresh Produce,322456.79,3578,9779
1005,2025-05,Meat & Seafood,510329.18,5862,22190
1005,2025-05,Bakery,158599.61,1805,6360
1005,2025-05,Frozen Foods,278451.03,3149,9054
1005,2025-05,Beverages,304190.49,4200,11520
1005,2025-05,Household,387262.37,5263,17923
1005,2025-05,Electronics,225401.61,2784,11096
1005,2025-05,Health & Beauty,156417.37,1793,4945
1005,2025-05,Home & Garden,160191.18,2309,8443
1005,2025-05,Apparel,97343.35,1190,3025
1005,2025-05,Gas Station,149407.32,3752,15135
1006,2025-05,Grocery,689959.29,8078,30180
1006,2025-05,Fresh Produce,313374.01,4081,13043
1006,2025-05,Meat & Seafood,514200.97,6042,26771
1006,2025-05,Bakery,161146.75,1789,5555
1006,2025-05,Frozen Foods,283212.28,2755,10231
1006,2025-05,Beverages,304721.22,3472,10147
1006,2025-05,Household,375203.48,4310,15443
1006,2025-05,Electronics,250909.38,3377,11566
1006,2025-05,Health & Beauty,159662.6,1963,5002
1006,2025-05,Home & Garden,169427.4,2131,8178
1006,2025-05,Apparel,106579.98,1277,5639
1006,2025-05,Gas Station,175124.44,4427,11202
1007,2025-05,Grocery,771165.8,8907,30107
1007,2025-05,Fresh Produce,334937.15,3925,14720
1007,2025-05,Meat & Seafood,479039.41,5928,15593
1007,2025-05,Bakery,184013.09,1925,8335
1007,2025-05,Frozen Foods,266957.73,3036,8022
1007,2025-05,Beverages,367838.96,4388,15184
1007,2025-05,Household,424654.0,4950,17271
1007,2025-05,Electronics,223169.23,3433,10351
1007,2025-05,Health & Beauty,168649.51,1791,4947
1007,2025-05,Home & Garden,164658.01,2199,9139
1007,2025-05,Apparel,104374.33,1294,3322
1007,2025-05,Gas Station,145534.59,2936,9955
1008,2025-05,Grocery,932932.14,12143,30872
1008,2025-05,Fresh Produce,447138.85,4446,14888
1008,2025-05,Meat & Seafood,679823.15,8897,34513
1008,2025-05,Bakery,204946.73,2102,7131
1008,2025-05,Frozen Foods,394304.79,3548,10647
1008,2025-05,Beverages,461602.38,5832,16300
1008,2025-05,Household,526542.15,5997,15252
1008,2025-05,Electronics,350874.22,4219,11271
1008,2025-05,Health & Beauty,253966.5,2908,13003
1008,2025-05,Home & Garden,229548.16,2908,11437
1008,2025-05,Apparel,131318.89,1614,6782
1008,2025-05,Gas Station,228474.23,5036,19871
1009,2025-05,Grocery,934565.71,11893,49979
1009,2025-05,Fresh Produce,356793.11,4479,19177
1009,2025-05,Meat & Seafood,655657.93,6732,26327
1009,2025-05,Bakery,224332.22,2367,7045
1009,2025-05,Frozen Foods,341066.94,3826,14708
1009,2025-05,Beverages,498907.13,5042,16433
1009,2025-05,Household,586391.35,7822,29687
1009,2025-05,Electronics,278119.29,3430,9150
1009,2025-05,Health & Beauty,223674.17,2377,6022
1009,2025-05,Home & Garden,211970.1,2151,7554
1009,2025-05,Apparel,129022.63,1705,6001
1009,2025-05,Gas Station,203490.94,4691,12658
1010,2025-05,Grocery,746437.2,8590,35098
1010,2025-05,Fresh Produce,353158.73,4395,13058
1010,2025-05,Meat & Seafood,505617.57,5431,16882
1010,2025-05,Bakery,198584.88,2365,10293
1010,2025-05,Frozen Foods,307309.09,3434,12785
1010,2025-05,Beverages,376887.95,4842,16915
1010,2025-05,Household,438558.91,4892,12705
1010,2025-05,Electronics,263077.31,3231,11857
1010,2025-05,Health & Beauty,181794.29,2158,8626
1010,2025-05,Home & Garden,181510.26,2244,9898
1010,2025-05,Apparel,106650.66,1276,4868
1010,2025-05,Gas Station,174464.62,4254,13646
1011,2025-05,Grocery,837640.32,8679,26054
1011,2025-05,Fresh Produce,393446.55,4996,15280
1011,2025-05,Meat & Seafood,603833.47,6630,26035
1011,2025-05,Bakery,201250.27,1968,8512
1011,2025-05,Frozen Foods,314212.26,3533,15476
1011,2025-05,Beverages,381759.68,5194,13819
1011,2025-05,Household,437151.29,4954,20316
1011,2025-05,Electronics,295669.77,3308,13473
1011,2025-05,Health & Beauty,187597.14,2077,7480
1011,2025-05,Home & Garden,221263.14,2816,9032
1011,2025-05,Apparel,112789.09,1293,3612
1011,2025-05,Gas Station,192325.05,3967,13110
1012,2025-05,Grocery,903796.6,10451,46508
1012,2025-05,Fresh Produce,401280.93,4933,12411
1012,2025-05,Meat & Seafood,710186.38,7678,22285
1012,2025-05,Bakery,222682.13,2415,8309
1012,2025-05,Frozen Foods,357171.36,3569,13581
1012,2025-05,Beverages,412664.05,5076,20217
1012,2025-05,Household,494445.94,5896,23907
1012,2025-05,Electronics,266593.36,2801,9512
1012,2025-05,Health & Beauty,198671.48,2047,8425
1012,2025-05,Home & Garden,206543.95,2484,6861
1012,2025-05,Apparel,138667.73,1828,4763
1012,2025-05,Gas Station,209404.23,4351,11309
1013,2025-05,Grocery,890131.18,8454,21460
1013,2025-05,Fresh Produce,391736.29,4482,13979
1013,2025-05,Meat & Seafood,620450.09,6171,21563
1013,2025-05,Bakery,217254.49,2522,11091
1013,2025-05,Frozen Foods,363822.41,4091,13499
1013,2025-05,Beverages,445119.34,6225,19133
1013,2025-05,Household,481384.23,5712,18842
1013,2025-05,Electronics,294829.39,3057,12642
1013,2025-05,Health & Beauty,230280.59,2560,7304
1013,2025-05,Home & Garden,222190.2,2662,11714
1013,2025-05,Apparel,134560.38,1551,4477
1013,2025-05,Gas Station,197933.89,3468,9760
1014,2025-05,Grocery,890862.45,12726,38807
1014,2025-05,Fresh Produce,451155.88,5234,15233
1014,2025-05,Meat & Seafood,594117.02,6076,24264
1014,2025-05,Bakery,212785.18,2764,8549
1014,2025-05,Frozen Foods,368482.73,4704,15416
1014,2025-05,Beverages,409413.96,4715,19546
1014,2025-05,Household,525069.81,6569,20937
1014,2025-05,Electronics,287858.89,3149,9481
1014,2025-05,Health & Beauty,222931.17,2660,6906
1014,2025-05,Home & Garden,232644.61,2638,8321
1014,2025-05,Apparel,123485.23,1318,3676
1014,2025-05,Gas Station,193625.55,4429,14833
1015,2025-05,Grocery,826402.7,9737,37897
1015,2025-05,Fresh Produce,390060.27,5511,23042
1015,2025-05,Meat & Seafood,564860.22,5956,20390
1015,2025-05,Bakery,213643.94,2446,8554
1015,2025-05,Frozen Foods,341458.05,3678,12245
1015,2025-05,Beverages,431319.1,5170,13997
1015,2025-05,Household,478092.38,5846,20853
1015,2025-05,Electronics,287341.75,3528,13836
1015,2025-05,Health & Beauty,220341.98,2616,10449
1015,2025-05,Home & Garden,194429.46,2818,11495
1015,2025-05,Apparel,118835.3,1297,5230
1015,2025-05,Gas Station,197097.6,4651,17576
1016,2025-05,Grocery,923161.72,10748,44237
1016,2025-05,Fresh Produce,455910.05,4898,19888
1016,2025-05,Meat & Seafood,626033.61,6507,23526
1016,2025-05,Bakery,227138.62,2803,12284
1016,2025-05,Frozen Foods,374344.81,4489,15221
1016,2025-05,Beverages,479025.16,5863,15163
1016,2025-05,Household,586543.33,7061,23275
1016,2025-05,Electronics,330074.45,3631,11515
1016,2025-05,Health & Beauty,245673.82,2992,12418
1016,2025-05,Home & Garden,227343.09,2361,9013
1016,2025-05,Apparel,138160.4,2009,5871
1016,2025-05,Gas Station,228846.56,3964,13620
1017,2025-05,Grocery,575238.07,6639,26025
1017,2025-05,Fresh Produce,279089.18,3299,10454
1017,2025-05,Meat & Seafood,425521.7,5023,22575
1017,2025-05,Bakery,155641.92,2313,7595
1017,2025-05,Frozen Foods,258463.69,2709,8633
1017,2025-05,Beverages,288175.18,2926,8630
1017,2025-05,Household,357603.99,4048,15405
1017,2025-05,Electronics,187074.11,2103,6030
1017,2025-05,Health & Beauty,155916.09,1988,5009
1017,2025-05,Home & Garden,154343.27,1768,4989
1017,2025-05,Apparel,99265.42,1040,4425
1017,2025-05,Gas Station,137770.23,3900,14380
1018,2025-05,Grocery,870110.82,12547,31816
1018,2025-05,Fresh Produce,397574.98,4425,17081
1018,2025-05,Meat & Seafood,631711.09,6943,20282
1018,2025-05,Bakery,216719.82,2651,8351
1018,2025-05,Frozen Foods,346727.85,4386,19411
1018,2025-05,Beverages,452855.03,5496,16558
1018,2025-05,Household,527927.25,6642,27245
1018,2025-05,Electronics,277287.0,3108,13434
1018,2025-05,Health & Beauty,218265.75,2762,6940
1018,2025-05,Home & Garden,229050.56,2440,6216
1018,2025-05,Apparel,120534.28,1299,5103
1018,2025-05,Gas Station,207216.24,4289,15690
1019,2025-05,Grocery,700950.01,9136,38326
1019,2025-05,Fresh Produce,292132.66,3583,14097
1019,2025-05,Meat & Seafood,469531.51,5174,17276
1019,2025-05,Bakery,165558.59,1618,5755
1019,2025-05,Frozen Foods,257046.23,3330,11457
1019,2025-05,Beverages,304719.76,3707,12177
1019,2025-05,Household,387011.4,3909,16767
1019,2025-05,Electronics,207851.1,3065,8770
1019,2025-05,Health & Beauty,160820.13,1563,6191
1019,2025-05,Home & Garden,170603.04,2112,8364
1019,2025-05,Apparel,100827.35,1405,4700
1019,2025-05,Gas Station,154249.38,2992,7897
1020,2025-05,Grocery,728788.2,6549,19730
1020,2025-05,Fresh Produce,363085.51,4345,12798
1020,2025-05,Meat & Seafood,542496.55,7393,28910
1020,2025-05,Bakery,198006.87,2350,8684
1020,2025-05,Frozen Foods,303849.8,3271,9656
1020,2025-05,Beverages,375468.19,4790,21477
1020,2025-05,Household,476192.85,5282,22485
1020,2025-05,Electronics,253692.69,3102,8580
1020,2025-05,Health & Beauty,190533.61,2220,7187
1020,2025-05,Home & Garden,194955.47,2511,9932
1020,2025-05,Apparel,116887.68,1280,4010
1020,2025-05,Gas Station,177285.27,4097,17599
1021,2025-05,Grocery,824349.34,9798,31662
1021,2025-05,Fresh Produce,434686.08,5042,13561
1021,2025-05,Meat & Seafood,644966.32,7405,29343
1021,2025-05,Bakery,222677.86,2721,9811
1021,2025-05,Frozen Foods,352187.26,4172,11642
1021,2025-05,Beverages,432615.93,5299,18356
1021,2025-05,Household,536881.74,6009,20936
1021,2025-05,Electronics,304856.59,4150,10744
1021,2025-05,Health & Beauty,203428.29,2336,8907
1021,2025-05,Home & Garden,230314.65,2726,8240
1021,2025-05,Apparel,123310.96,1314,5189
1021,2025-05,Gas Station,221104.07,5392,13810
1022,2025-05,Grocery,792692.19,7620,19736
1022,2025-05,Fresh Produce,364571.0,3912,14832
1022,2025-05,Meat & Seafood,615692.49,7225,18094
1022,2025-05,Bakery,195068.86,2420,9282
1022,2025-05,Frozen Foods,310027.1,3799,12859
1022,2025-05,Beverages,357371.76,4177,14467
1022,2025-05,Household,450413.15,4555,17485
1022,2025-05,Electronics,252329.57,3157,13559
1022,2025-05,Health & Beauty,198568.35,2600,8752
1022,2025-05,Home & Garden,221360.6,2377,9135
1022,2025-05,Apparel,122480.46,1290,3876
1022,2025-05,Gas Station,178113.19,4658,16542
1023,2025-05,Grocery,703703.6,7851,22233
1023,2025-05,Fresh Produce,331237.81,4040,16374
1023,2025-05,Meat & Seafood,446402.4,4670,14067
1023,2025-05,Bakery,159159.59,1681,6630
1023,2025-05,Frozen Foods,278980.71,3584,9925
1023,2025-05,Beverages,362835.47,3884,16053
1023,2025-05,Household,405899.81,4823,15366
1023,2025-05,Electronics,257563.32,3456,8942
1023,2025-05,Health & Beauty,172908.91,1630,6591
1023,2025-05,Home & Garden,189368.1,2205,9036
1023,2025-05,Apparel,100143.46,1497,4033
1023,2025-05,Gas Station,172345.72,3979,15319
1024,2025-05,Grocery,755143.6,8864,24012
1024,2025-05,Fresh Produce,312323.12,3519,9533
1024,2025-05,Meat & Seafood,515610.62,7035,25421
1024,2025-05,Bakery,169129.16,1524,4163
1024,2025-05,Frozen Foods,275174.5,3837,15860
1024,2025-05,Beverages,346752.73,3840,14559
1024,2025-05,Household,426201.57,5618,22213
1024,2025-05,Electronics,253151.74,3240,9704
1024,2025-05,Health & Beauty,175493.39,2304,10192
1024,2025-05,Home & Garden,184439.16,1995,7205
1024,2025-05,Apparel,99904.84,1123,4139
1024,2025-05,Gas Station,175608.53,4397,13054
1025,2025-05,Grocery,635070.08,7874,32957
1025,2025-05,Fresh Produce,278708.82,4193,13021
1025,2025-05,Meat & Seafood,402228.06,4208,18564
1025,2025-05,Bakery,152022.01,1895,6777
1025,2025-05,Frozen Foods,256418.08,3008,9324
1025,2025-05,Beverages,326587.58,4010,17478
1025,2025-05,Household,346797.0,3945,13283
1025,2025-05,Electronics,203239.31,2244,6749
1025,2025-05,Health & Beauty,159086.53,1996,5230
1025,2025-05,Home & Garden,176083.55,2118,7265
1025,2025-05,Apparel,88261.4,1037,3452
1025,2025-05,Gas Station,142515.73,2976,8963
1001,2025-06,Grocery,757729.38,10488,46551
1001,2025-06,Fresh Produce,398964.68,4405,18574
1001,2025-06,Meat & Seafood,590405.64,6942,20726
1001,2025-06,Bakery,207647.1,2432,10514
1001,2025-06,Frozen Foods,342233.19,3920,17496
1001,2025-06,Beverages,386530.84,4182,15029
1001,2025-06,Household,487757.32,5076,21126
1001,2025-06,Electronics,265809.04,3638,14509
1001,2025-06,Health & Beauty,194843.91,2196,9499
1001,2025-06,Home & Garden,217560.05,2436,6774
1001,2025-06,Apparel,115203.54,1117,3147
1001,2025-06,Gas Station,251166.29,5004,15040
1002,2025-06,Grocery,1005183.69,10876,42196
1002,2025-06,Fresh Produce,411878.4,4084,16755
1002,2025-06,Meat & Seafood,687057.23,8246,23500
1002,2025-06,Bakery,227896.11,2989,11986
1002,2025-06,Frozen Foods,379379.01,4515,19330
1002,2025-06,Beverages,504856.79,6402,23002
1002,2025-06,Household,564416.02,5622,20180
1002,2025-06,Electronics,317750.65,3664,15587
1002,2025-06,Health & Beauty,229634.36,2497,10540
1002,2025-06,Home & Garden,214173.0,2168,9287
1002,2025-06,Apparel,140647.01,1678,4435
1002,2025-06,Gas Station,263044.31,5774,15514
1003,2025-06,Grocery,773828.42,10810,31153
1003,2025-06,Fresh Produce,372420.51,4266,11395
1003,2025-06,Meat & Seafood,552689.71,6211,23359
1003,2025-06,Bakery,186988.98,2211,9809
1003,2025-06,Frozen Foods,306051.99,3786,10391
1003,2025-06,Beverages,387630.61,4873,15215
1003,2025-06,Household,502843.12,5883,16688
1003,2025-06,Electronics,274467.28,3493,12500
1003,2025-06,Health & Beauty,183124.89,2625,8779
1003,2025-06,Home & Garden,195082.22,1983,5386
1003,2025-06,Apparel,111689.74,1192,4698
1003,2025-06,Gas Station,225132.52,4792,14101
1004,2025-06,Grocery,1046710.19,12661,40701
1004,2025-06,Fresh Produce,476781.96,6395,16157
1004,2025-06,Meat & Seafood,762599.11,10446,30647
1004,2025-06,Bakery,272714.5,3310,10796
1004,2025-06,Frozen Foods,366883.98,3772,15234
1004,2025-06,Beverages,468585.27,5645,21887
1004,2025-06,Household,632735.07,8095,27856
1004,2025-06,Electronics,381469.35,4571,20185
1004,2025-06,Health & Beauty,248787.04,2881,7546
1004,2025-06,Home & Garden,279507.73,3244,14398
1004,2025-06,Apparel,157715.27,1698,6398
1004,2025-06,Gas Station,282359.79,4540,19165
1005,2025-06,Grocery,690989.01,8595,24451
1005,2025-06,Fresh Produce,326999.22,4320,18883
1005,2025-06,Meat & Seafood,496806.03,6098,23126
1005,2025-06,Bakery,185365.14,2472,10640
1005,2025-06,Frozen Foods,241512.7,2910,12315
1005,2025-06,Beverages,344440.79,4291,14563
1005,2025-06,Household,433404.12,4474,14446
1005,2025-06,Electronics,231764.32,2801,7654
1005,2025-06,Health & Beauty,164672.74,2005,5653
1005,2025-06,Home & Garden,176711.32,2160,8594
1005,2025-06,Apparel,96201.19,1087,4068
1005,2025-06,Gas Station,205124.66,4244,11014
1006,2025-06,Grocery,852630.83,10030,32096
1006,2025-06,Fresh Produce,399461.09,4025,10584
1006,2025-06,Meat & Seafood,621411.45,6428,24072
1006,2025-06,Bakery,230635.32,2543,9214
1006,2025-06,Frozen Foods,319185.49,3103,9495
1006,2025-06,Beverages,449393.34,4868,15338
1006,2025-06,Household,493232.51,6108,22221
1006,2025-06,Electronics,270426.09,2690,8003
1006,2025-06,Health & Beauty,200331.87,2552,9879
1006,2025-06,Home & Garden,220558.13,2776,8892
1006,2025-06,Apparel,130046.72,1555,4474
1006,2025-06,Gas Station,235761.42,6079,24724
1007,2025-06,Grocery,825447.15,7848,29366
1007,2025-06,Fresh Produce,404763.31,5084,22755
1007,2025-06,Meat & Seafood,590088.61,6816,20530
1007,2025-06,Bakery,199856.94,2547,6657
1007,2025-06,Frozen Foods,326559.5,3604,15726
1007,2025-06,Beverages,398482.89,3897,10536
1007,2025-06,Household,539837.35,6310,19196
1007,2025-06,Electronics,290437.87,3249,8189
1007,2025-06,Health & Beauty,192151.04,2628,8138
1007,2025-06,Home & Garden,223927.11,2757,9971
1007,2025-06,Apparel,122827.38,1373,4703
1007,2025-06,Gas Station,259216.31,6052,15363
1008,2025-06,Grocery,1051478.58,13966,41288
1008,2025-06,Fresh Produce,472992.7,5638,18019
1008,2025-06,Meat & Seafood,752834.16,9801,43535
1008,2025-06,Bakery,239656.2,2832,7086
1008,2025-06,Frozen Foods,425330.79,5082,16424
1008,2025-06,Beverages,547620.89,6213,15955
1008,2025-06,Household,665785.52,7978,25340
1008,2025-06,Electronics,379647.9,4716,13752
1008,2025-06,Health & Beauty,242608.87,3168,13505
1008,2025-06,Home & Garden,253201.33,3455,13910
1008,2025-06,Apparel,158845.77,1646,6968
1008,2025-06,Gas Station,312991.14,6558,19603
1009,2025-06,Grocery,863103.09,9326,39963
1009,2025-06,Fresh Produce,379798.27,4737,12348
1009,2025-06,Meat & Seafood,592396.4,7059,26297
1009,2025-06,Bakery,213649.64,2471,8525
1009,2025-06,Frozen Foods,346451.75,3909,11758
1009,2025-06,Beverages,440638.81,4920,15338
1009,2025-06,Household,462010.67,4872,13314
1009,2025-06,Electronics,267790.25,3431,10605
1009,2025-06,Health & Beauty,225884.34,2624,10426
1009,2025-06,Home & Garden,216085.33,2506,6979
1009,2025-06,Apparel,129809.33,1639,6275
1009,2025-06,Gas Station,246866.88,4987,20168
1010,2025-06,Grocery,916357.74,11241,29639
1010,2025-06,Fresh Produce,399402.32,4443,17228
1010,2025-06,Meat & Seafood,639523.26,7356,25788
1010,2025-06,Bakery,220365.37,2277,8380
1010,2025-06,Frozen Foods,340273.28,4133,17365
1010,2025-06,Beverages,432207.92,6007,24638
1010,2025-06,Household,515901.83,5447,18388
1010,2025-06,Electronics,290883.91,3530,13939
1010,2025-06,Health & Beauty,226085.71,3114,7902
1010,2025-06,Home & Garden,210752.47,2557,11342
1010,2025-06,Apparel,125781.79,1456,4690
1010,2025-06,Gas Station,245441.31,5519,16599
1011,2025-06,Grocery,748658.85,8393,30680
1011,2025-06,Fresh Produce,364103.06,3980,11026
1011,2025-06,Meat & Seafood,526343.67,5815,24806
1011,2025-06,Bakery,197441.99,2416,7892
1011,2025-06,Frozen Foods,290216.76,2895,7344
1011,2025-06,Beverages,364695.32,4850,15164
1011,2025-06,Household,427542.17,6046,26975
1011,2025-06,Electronics,275421.79,2731,8529
1011,2025-06,Health & Beauty,190418.72,2290,8629
1011,2025-06,Home & Garden,202037.4,2232,6781
1011,2025-06,Apparel,120146.25,1394,6190
1011,2025-06,Gas Station,232378.3,5024,13096
1012,2025-06,Grocery,897043.05,11604,48628
1012,2025-06,Fresh Produce,409015.18,5273,14231
1012,2025-06,Meat & Seafood,593876.42,7357,19685
1012,2025-06,Bakery,223742.47,2835,10458
1012,2025-06,Frozen Foods,371246.98,3922,15786
1012,2025-06,Beverages,407221.35,4618,17962
1012,2025-06,Household,470270.22,5626,20696
1012,2025-06,Electronics,279219.52,2946,10010
1012,2025-06,Health & Beauty,228887.1,2972,8206
1012,2025-06,Home & Garden,215518.98,2562,10949
1012,2025-06,Apparel,130342.33,1252,5385
1012,2025-06,Gas Station,235440.23,5672,22181
1013,2025-06,Grocery,1081352.66,12115,39815
1013,2025-06,Fresh Produce,469851.12,5950,18177
1013,2025-06,Meat & Seafood,628842.65,8030,30483
1013,2025-06,Bakery,235611.11,2594,8922
1013,2025-06,Frozen Foods,380034.37,4556,16462
1013,2025-06,Beverages,479219.77,4736,14485
1013,2025-06,Household,609794.91,7509,22714
1013,2025-06,Electronics,358894.34,4394,14514
1013,2025-06,Health & Beauty,247704.47,2999,12432
1013,2025-06,Home & Garden,241925.46,2908,9637
1013,2025-06,Apparel,143643.94,1721,5740
1013,2025-06,Gas Station,285734.77,6262,22445
1014,2025-06,Grocery,896371.1,11025,48360
1014,2025-06,Fresh Produce,383091.01,4934,21888
1014,2025-06,Meat & Seafood,657569.56,7441,23776
1014,2025-06,Bakery,219647.55,2581,7028
1014,2025-06,Frozen Foods,355299.35,4960,22295
1014,2025-06,Beverages,424035.42,5069,21590
1014,2025-06,Household,466251.61,5046,22191
1014,2025-06,Electronics,289751.57,3717,13910
1014,2025-06,Health & Beauty,175605.28,1811,5158
1014,2025-06,Home & Garden,206303.55,2720,11151
1014,2025-06,Apparel,126614.68,1467,5746
1014,2025-06,Gas Station,256873.23,6513,25564
1015,2025-06,Grocery,832577.51,8647,25983
1015,2025-06,Fresh Produce,441385.86,5234,15179
1015,2025-06,Meat & Seafood,626069.98,8234,24279
1015,2025-06,Bakery,239206.11,2437,8757
1015,2025-06,Frozen Foods,344510.57,4549,15485
1015,2025-06,Beverages,406806.9,4615,17193
1015,2025-06,Household,543792.3,7084,27798
1015,2025-06,Electronics,303209.19,4001,16092
1015,2025-06,Health & Beauty,207284.97,2471,7846
1015,2025-06,Home & Garden,210026.82,2444,7750
1015,2025-06,Apparel,129151.83,1466,3913
1015,2025-06,Gas Station,271395.87,4992,14358
1016,2025-06,Grocery,958918.81,13288,42955
1016,2025-06,Fresh Produce,460651.2,4465,15587
1016,2025-06,Meat & Seafood,707695.89,7962,25565
1016,2025-06,Bakery,238002.19,2820,8427
1016,2025-06,Frozen Foods,413361.01,5284,18764
1016,2025-06,Beverages,466606.0,5796,18209
1016,2025-06,Household,572142.8,7652,30744
1016,2025-06,Electronics,322205.03,3528,13764
1016,2025-06,Health & Beauty,232454.62,2811,7754
1016,2025-06,Home & Garden,245523.02,2782,10868
1016,2025-06,Apparel,141724.69,1714,7499
1016,2025-06,Gas Station,284900.83,6455,26866
1017,2025-06,Grocery,605279.09,7957,23353
1017,2025-06,Fresh Produce,295577.83,3634,11980
1017,2025-06,Meat & Seafood,423935.37,5503,22772
1017,2025-06,Bakery,166185.89,2329,7957
1017,2025-06,Frozen Foods,245315.43,2378,8085
1017,2025-06,Beverages,285743.77,3571,9481
1017,2025-06,Household,381555.74,4133,10518
1017,2025-06,Electronics,216139.84,2746,11083
1017,2025-06,Health & Beauty,155676.46,2074,8858
1017,2025-06,Home & Garden,165996.68,1497,5773
1017,2025-06,Apparel,88718.01,954,3112
1017,2025-06,Gas Station,184592.41,4102,16507
1018,2025-06,Grocery,922199.64,10668,44033
1018,2025-06,Fresh Produce,416917.9,5259,22527
1018,2025-06,Meat & Seafood,592635.45,6924,26945
1018,2025-06,Bakery,229840.49,2311,6573
1018,2025-06,Frozen Foods,337647.33,4050,13075
1018,2025-06,Beverages,441046.42,5516,16903
1018,2025-06,Household,534816.14,6180,24795
1018,2025-06,Electronics,317417.54,3689,14637
1018,2025-06,Health & Beauty,221190.99,2460,10404
1018,2025-06,Home & Garden,230978.95,2302,10287
1018,2025-06,Apparel,156206.43,2196,6951
1018,2025-06,Gas Station,275672.28,6964,18381
1019,2025-06,Grocery,630972.18,6957,17613
1019,2025-06,Fresh Produce,352785.5,4749,15519
1019,2025-06,Meat & Seafood,492695.98,5051,13987
1019,2025-06,Bakery,177043.57,2105,5954
1019,2025-06,Frozen Foods,273261.58,3467,9083
1019,2025-06,Beverages,336419.04,3771,13664
1019,2025-06,Household,381910.85,4318,15084
1019,2025-06,Electronics,241596.01,2624,11305
1019,2025-06,Health & Beauty,159019.07,2028,8634
1019,2025-06,Home & Garden,183880.93,2111,7775
1019,2025-06,Apparel,100155.35,1250,3216
1019,2025-06,Gas Station,203291.81,4324,15852
1020,2025-06,Grocery,710862.06,8385,22210
1020,2025-06,Fresh Produce,357331.95,4312,16294
1020,2025-06,Meat & Seafood,523979.51,7381,28884
1020,2025-06,Bakery,174199.65,2343,10377
1020,2025-06,Frozen Foods,288906.84,3308,8551
1020,2025-06,Beverages,365709.35,4142,12171
1020,2025-06,Household,408359.05,5307,14272
1020,2025-06,Electronics,257077.03,3300,12604
1020,2025-06,Health & Beauty,187922.98,2119,8884
1020,2025-06,Home & Garden,173530.97,2286,8400
1020,2025-06,Apparel,112696.82,1533,4040
1020,2025-06,Gas Station,203780.36,4204,12845
1021,2025-06,Grocery,1090141.33,13213,48305
1021,2025-06,Fresh Produce,473973.7,5631,22134
1021,2025-06,Meat & Seafood,796953.75,8619,29029
1021,2025-06,Bakery,280277.14,3376,9938
1021,2025-06,Frozen Foods,445749.23,4889,17800
1021,2025-06,Beverages,522334.0,5617,20632
1021,2025-06,Household,621529.25,7502,22389
1021,2025-06,Electronics,366750.46,4168,12079
1021,2025-06,Health & Beauty,260536.75,3514,15806
1021,2025-06,Home & Garden,280433.42,3531,14976
1021,2025-06,Apparel,165973.05,2030,6135
1021,2025-06,Gas Station,306098.38,6251,21061
1022,2025-06,Grocery,833968.87,11119,28477
1022,2025-06,Fresh Produce,425407.28,4914,17512
1022,2025-06,Meat & Seafood,708608.01,7979,28953
1022,2025-06,Bakery,255121.09,2800,10508
1022,2025-06,Frozen Foods,399095.44,4948,17114
1022,2025-06,Beverages,498527.63,5969,22109
1022,2025-06,Household,574701.31,7233,28230
1022,2025-06,Electronics,339479.05,3845,13258
1022,2025-06,Health & Beauty,260223.27,2903,8657
1022,2025-06,Home & Garden,248214.15,2721,7454
1022,2025-06,Apparel,140417.86,1481,6219
1022,2025-06,Gas Station,273884.52,7306,27027
1023,2025-06,Grocery,638766.43,6011,15800
1023,2025-06,Fresh Produce,308197.38,3893,13318
1023,2025-06,Meat & Seafood,543050.58,5831,24115
1023,2025-06,Bakery,174775.26,2315,8226
1023,2025-06,Frozen Foods,262719.11,2832,12502
1023,2025-06,Beverages,326579.69,3760,12519
1023,2025-06,Household,406893.53,5126,21876
1023,2025-06,Electronics,214719.43,2602,7102
1023,2025-06,Health & Beauty,166609.49,1843,5502
1023,2025-06,Home & Garden,180200.47,2357,7392
1023,2025-06,Apparel,97796.27,1342,4223
1023,2025-06,Gas Station,193433.2,4757,16820
1024,2025-06,Grocery,872675.73,9656,31465
1024,2025-06,Fresh Produce,444586.34,5284,20653
1024,2025-06,Meat & Seafood,658068.7,7091,21433
1024,2025-06,Bakery,205658.46,2251,6408
1024,2025-06,Frozen Foods,361939.42,4134,11460
1024,2025-06,Beverages,409731.2,5047,12816
1024,2025-06,Household,486414.62,5462,14615
1024,2025-06,Electronics,301542.52,3212,8322
1024,2025-06,Health & Beauty,226660.36,2646,9732
1024,2025-06,Home & Garden,219709.21,2617,9402
1024,2025-06,Apparel,128293.06,1792,6070
1024,2025-06,Gas Station,228797.53,5488,23304
1025,2025-06,Grocery,658819.23,7446,25034
1025,2025-06,Fresh Produce,294752.05,3440,13383
1025,2025-06,Meat & Seafood,463324.41,6029,16897
1025,2025-06,Bakery,157768.59,1686,5568
1025,2025-06,Frozen Foods,256149.51,2992,11811
1025,2025-06,Beverages,308310.79,3607,9263
1025,2025-06,Household,392342.11,4842,18958
1025,2025-06,Electronics,208380.65,2431,10781
1025,2025-06,Health & Beauty,156696.09,1898,5013
1025,2025-06,Home & Garden,170596.64,2027,7824
1025,2025-06,Apparel,91802.39,1105,2997
1025,2025-06,Gas Station,193041.45,4345,11864
1001,2025-07,Grocery,834070.94,9002,27262
1001,2025-07,Fresh Produce,393415.68,5191,19993
1001,2025-07,Meat & Seafood,579443.46,6399,22526
1001,2025-07,Bakery,221702.79,2995,9000
1001,2025-07,Frozen Foods,323230.95,3776,15378
1001,2025-07,Beverages,420677.56,4567,13214
1001,2025-07,Household,525623.93,5799,23686
1001,2025-07,Electronics,318675.86,3774,14950
1001,2025-07,Health & Beauty,208777.23,2363,8936
1001,2025-07,Home & Garden,133889.7,1723,6811
1001,2025-07,Apparel,127503.73,1117,3695
1001,2025-07,Gas Station,246852.69,4719,13763
1002,2025-07,Grocery,965012.95,11063,28360
1002,2025-07,Fresh Produce,446086.85,6122,22180
1002,2025-07,Meat & Seafood,710820.68,8421,22202
1002,2025-07,Bakery,225450.41,2523,8712
1002,2025-07,Frozen Foods,394154.17,4817,18419
1002,2025-07,Beverages,534154.81,5872,15060
1002,2025-07,Household,624266.69,8917,28474
1002,2025-07,Electronics,340945.59,3791,9885
1002,2025-07,Health & Beauty,242574.42,2641,7936
1002,2025-07,Home & Garden,161753.33,2157,8725
1002,2025-07,Apparel,154810.44,1666,7038
1002,2025-07,Gas Station,262264.51,5099,21925
1003,2025-07,Grocery,716387.9,8283,32087
1003,2025-07,Fresh Produce,334534.0,4239,14307
1003,2025-07,Meat & Seafood,514997.46,6419,19083
1003,2025-07,Bakery,185928.87,2457,8228
1003,2025-07,Frozen Foods,281871.9,3610,10138
1003,2025-07,Beverages,356069.1,4283,12647
1003,2025-07,Household,393603.23,5429,15819
1003,2025-07,Electronics,270610.77,3354,10516
1003,2025-07,Health & Beauty,194103.43,2385,9948
1003,2025-07,Home & Garden,115314.05,1419,3833
1003,2025-07,Apparel,116567.66,1204,4875
1003,2025-07,Gas Station,233992.61,5079,14284
1004,2025-07,Grocery,1057469.86,13810,46217
1004,2025-07,Fresh Produce,471815.79,5897,18564
1004,2025-07,Meat & Seafood,783951.38,9318,38921
1004,2025-07,Bakery,230809.83,3129,13745
1004,2025-07,Frozen Foods,420148.09,4635,17261
1004,2025-07,Beverages,462892.48,5222,14144
1004,2025-07,Household,601042.21,6645,24782
1004,2025-07,Electronics,337749.56,4135,13849
1004,2025-07,Health & Beauty,257015.16,2282,9399
1004,2025-07,Home & Garden,171561.45,2055,7268
1004,2025-07,Apparel,142566.02,2019,8371
1004,2025-07,Gas Station,294212.62,6957,28812
1005,2025-07,Grocery,588515.27,6874,29889
1005,2025-07,Fresh Produce,311378.6,3664,10446
1005,2025-07,Meat & Seafood,451628.96,5703,17277
1005,2025-07,Bakery,160084.94,1961,8283
1005,2025-07,Frozen Foods,273285.19,2866,7193
1005,2025-07,Beverages,305583.31,3788,11977
1005,2025-07,Household,402415.85,4673,12619
1005,2025-07,Electronics,194835.8,2034,6979
1005,2025-07,Health & Beauty,141303.76,1384,5813
1005,2025-07,Home & Garden,96780.53,998,2845
1005,2025-07,Apparel,88761.2,994,2550
1005,2025-07,Gas Station,174189.89,4492,15987
1006,2025-07,Grocery,881654.58,10778,45912
1006,2025-07,Fresh Produce,422716.87,4983,18603
1006,2025-07,Meat & Seafood,623548.2,7783,25290
1006,2025-07,Bakery,238339.45,2294,10124
1006,2025-07,Frozen Foods,343708.32,4316,14560
1006,2025-07,Beverages,451398.95,6182,16302
1006,2025-07,Household,564647.44,6290,23881
1006,2025-07,Electronics,293638.07,3542,14789
1006,2025-07,Health & Beauty,234960.11,3089,13560
1006,2025-07,Home & Garden,138386.72,1727,6834
1006,2025-07,Apparel,141107.92,1437,5834
1006,2025-07,Gas Station,249279.95,4692,20062
1007,2025-07,Grocery,878517.36,10123,45186
1007,2025-07,Fresh Produce,457456.49,5362,18026
1007,2025-07,Meat & Seafood,741303.65,7740,23823
1007,2025-07,Bakery,222078.93,2686,11489
1007,2025-07,Frozen Foods,375701.47,4062,15593
1007,2025-07,Beverages,427693.24,4692,11846
1007,2025-07,Household,501534.09,5365,23144
1007,2025-07,Electronics,282824.67,3131,9534
1007,2025-07,Health & Beauty,237290.07,3268,12448
1007,2025-07,Home & Garden,155436.23,1928,8023
1007,2025-07,Apparel,134426.12,1845,5350
1007,2025-07,Gas Station,259611.74,5739,24056
1008,2025-07,Grocery,925797.73,10284,28180
1008,2025-07,Fresh Produce,445823.42,4453,19637
1008,2025-07,Meat & Seafood,578117.53,6749,23395
1008,2025-07,Bakery,227914.32,3074,12500
1008,2025-07,Frozen Foods,337940.81,3803,11990
1008,2025-07,Beverages,458343.62,4948,13835
1008,2025-07,Household,541123.06,7186,28959
1008,2025-07,Electronics,313151.99,3903,11048
1008,2025-07,Health & Beauty,233941.3,2965,11118
1008,2025-07,Home & Garden,144984.58,1637,5898
1008,2025-07,Apparel,135284.61,1586,6578
1008,2025-07,Gas Station,268372.61,6412,22968
1009,2025-07,Grocery,861993.94,11460,45544
1009,2025-07,Fresh Produce,369504.88,5206,19653
1009,2025-07,Meat & Seafood,678956.55,8296,23888
1009,2025-07,Bakery,191660.25,2325,8999
1009,2025-07,Frozen Foods,316573.54,3108,10209
1009,2025-07,Beverages,432864.88,4479,11209
1009,2025-07,Household,498098.45,6125,23771
1009,2025-07,Electronics,298306.41,4152,18149
1009,2025-07,Health & Beauty,215954.12,2231,8123
1009,2025-07,Home & Garden,141143.1,1974,6978
1009,2025-07,Apparel,114630.95,1401,4031
1009,2025-07,Gas Station,254377.12,5586,14139
1010,2025-07,Grocery,746865.9,7514,24429
1010,2025-07,Fresh Produce,366831.99,4148,14609
1010,2025-07,Meat & Seafood,577706.52,6074,17069
1010,2025-07,Bakery,209212.1,2532,6545
1010,2025-07,Frozen Foods,297248.85,2670,10899
1010,2025-07,Beverages,443233.27,4597,18766
1010,2025-07,Household,425664.91,5430,14507
1010,2025-07,Electronics,276417.53,3378,14998
1010,2025-07,Health & Beauty,208975.47,2609,8777
1010,2025-07,Home & Garden,115282.77,1502,4736
1010,2025-07,Apparel,116561.77,1589,4646
1010,2025-07,Gas Station,231215.82,4965,19142
1011,2025-07,Grocery,738656.3,8120,27687
1011,2025-07,Fresh Produce,335308.03,3755,12268
1011,2025-07,Meat & Seafood,537575.55,6306,16084
1011,2025-07,Bakery,172603.88,2085,8715
1011,2025-07,Frozen Foods,319965.92,3100,10950
1011,2025-07,Beverages,365410.44,4055,15174
1011,2025-07,Household,427167.72,4903,18402
1011,2025-07,Electronics,244735.03,2893,11386
1011,2025-07,Health & Beauty,187194.01,1955,7497
1011,2025-07,Home & Garden,106204.74,1291,3808
1011,2025-07,Apparel,106159.48,1043,2774
1011,2025-07,Gas Station,199754.69,3685,11205
1012,2025-07,Grocery,738357.67,7482,33501
1012,2025-07,Fresh Produce,378222.27,4855,20785
1012,2025-07,Meat & Seafood,545272.47,5086,21831
1012,2025-07,Bakery,197783.27,2274,9453
1012,2025-07,Frozen Foods,298712.66,3110,13712
1012,2025-07,Beverages,401946.0,3836,12687
1012,2025-07,Household,436134.96,4914,17563
1012,2025-07,Electronics,267826.5,3388,12649
1012,2025-07,Health & Beauty,179682.38,2304,7672
1012,2025-07,Home & Garden,120130.76,1551,5335
1012,2025-07,Apparel,120839.11,1061,2895
1012,2025-07,Gas Station,235254.53,6190,25194
1013,2025-07,Grocery,935912.44,9542,36693
1013,2025-07,Fresh Produce,426975.46,5351,23008
1013,2025-07,Meat & Seafood,741500.47,9197,25399
1013,2025-07,Bakery,240332.8,2997,10457
1013,2025-07,Frozen Foods,429433.8,5071,14318
1013,2025-07,Beverages,439693.23,4767,17369
1013,2025-07,Household,577874.2,6654,27839
1013,2025-07,Electronics,319419.85,4295,15322
1013,2025-07,Health & Beauty,256620.0,2670,9289
1013,2025-07,Home & Garden,161738.58,1754,6579
1013,2025-07,Apparel,144812.54,1399,4822
1013,2025-07,Gas Station,279939.47,6634,25202
1014,2025-07,Grocery,1038266.65,10929,35738
1014,2025-07,Fresh Produce,437100.22,4653,16567
1014,2025-07,Meat & Seafood,687082.57,8203,33260
1014,2025-07,Bakery,227571.56,2591,6998
1014,2025-07,Frozen Foods,386072.15,5008,22399
1014,2025-07,Beverages,492061.02,5839,21329
1014,2025-07,Household,565013.31,7076,26788
1014,2025-07,Electronics,340591.77,4203,14035
1014,2025-07,Health & Beauty,259562.33,2894,7691
1014,2025-07,Home & Garden,140582.84,1459,5289
1014,2025-07,Apparel,135149.48,1546,4374
1014,2025-07,Gas Station,270204.62,5809,17825
1015,2025-07,Grocery,1059288.89,13434,35875
1015,2025-07,Fresh Produce,442838.18,5519,20232
1015,2025-07,Meat & Seafood,687844.02,8242,35839
1015,2025-07,Bakery,246337.49,2419,7989
1015,2025-07,Frozen Foods,391130.82,4898,16507
1015,2025-07,Beverages,497230.55,6291,17080
1015,2025-07,Household,587501.01,6842,23726
1015,2025-07,Electronics,333661.91,4118,14895
1015,2025-07,Health & Beauty,227645.84,2941,11233
1015,2025-07,Home & Garden,153650.16,1674,7141
1015,2025-07,Apparel,149836.83,1677,4621
1015,2025-07,Gas Station,272479.31,6644,19964
1016,2025-07,Grocery,1024782.13,11599,43329
1016,2025-07,Fresh Produce,449304.27,5650,22221
1016,2025-07,Meat & Seafood,764821.66,9495,25985
1016,2025-07,Bakery,236270.84,2664,8738
1016,2025-07,Frozen Foods,408934.63,4370,11875
1016,2025-07,Beverages,501605.45,5542,22087
1016,2025-07,Household,565699.27,6632,24669
1016,2025-07,Electronics,303409.61,3264,12340
1016,2025-07,Health & Beauty,232992.46,2704,11713
1016,2025-07,Home & Garden,149258.94,1764,7363
1016,2025-07,Apparel,137764.1,1684,4279
1016,2025-07,Gas Station,280193.9,5908,23447
1017,2025-07,Grocery,613400.8,6425,21091
1017,2025-07,Fresh Produce,290299.8,4047,17918
1017,2025-07,Meat & Seafood,464029.16,5523,21916
1017,2025-07,Bakery,162144.96,2198,7108
1017,2025-07,Frozen Foods,254926.63,3311,8905
1017,2025-07,Beverages,357931.09,4236,17616
1017,2025-07,Household,374056.94,4680,19125
1017,2025-07,Electronics,221790.76,2923,11208
1017,2025-07,Health & Beauty,165937.54,1510,5980
1017,2025-07,Home & Garden,101294.35,1238,4167
1017,2025-07,Apparel,85224.16,915,2583
1017,2025-07,Gas Station,170082.2,3903,14542
1018,2025-07,Grocery,1092091.63,14187,40961
1018,2025-07,Fresh Produce,555082.45,5990,22332
1018,2025-07,Meat & Seafood,789120.58,8944,24518
1018,2025-07,Bakery,279501.66,3218,12494
1018,2025-07,Frozen Foods,434094.05,6009,23327
1018,2025-07,Beverages,572398.58,6746,19056
1018,2025-07,Household,665057.57,9795,28297
1018,2025-07,Electronics,364991.96,4696,15325
1018,2025-07,Health & Beauty,261297.69,2871,9650
1018,2025-07,Home & Garden,194341.27,2244,9043
1018,2025-07,Apparel,170699.52,1780,7640
1018,2025-07,Gas Station,321109.07,6433,25736
1019,2025-07,Grocery,750675.21,8986,40362
1019,2025-07,Fresh Produce,311610.23,3220,10716
1019,2025-07,Meat & Seafood,520844.28,5335,16447
1019,2025-07,Bakery,190279.68,2045,8356
1019,2025-07,Frozen Foods,290207.02,3122,13716
1019,2025-07,Beverages,375002.03,4501,15068
1019,2025-07,Household,429992.16,4331,16787
1019,2025-07,Electronics,255875.97,2994,10616
1019,2025-07,Health & Beauty,190734.51,2336,10377
1019,2025-07,Home & Garden,117104.45,1407,6209
1019,2025-07,Apparel,119445.27,1394,4983
1019,2025-07,Gas Station,200459.83,5085,19530
1020,2025-07,Grocery,775225.34,8339,26502
1020,2025-07,Fresh Produce,345911.08,4291,11733
1020,2025-07,Meat & Seafood,595004.11,7289,31803
1020,2025-07,Bakery,212306.01,2332,8307
1020,2025-07,Frozen Foods,311259.64,4110,10782
1020,2025-07,Beverages,369821.29,4445,19695
1020,2025-07,Household,535053.58,7119,30715
1020,2025-07,Electronics,248492.61,3196,9882
1020,2025-07,Health & Beauty,208266.64,2451,10023
1020,2025-07,Home & Garden,123994.5,1429,5719
1020,2025-07,Apparel,106339.58,1428,5612
1020,2025-07,Gas Station,196167.75,4154,13920
1021,2025-07,Grocery,1048304.17,10828,31327
1021,2025-07,Fresh Produce,449551.15,5150,22139
1021,2025-07,Meat & Seafood,737376.28,9009,34585
1021,2025-07,Bakery,266930.97,3383,10435
1021,2025-07,Frozen Foods,363538.33,4883,14589
1021,2025-07,Beverages,486632.68,5500,19603
1021,2025-07,Household,631828.37,7553,28634
1021,2025-07,Electronics,346532.5,4262,12773
1021,2025-07,Health & Beauty,252736.64,2543,6417
1021,2025-07,Home & Garden,173058.14,1960,7114
1021,2025-07,Apparel,144000.18,1735,6257
1021,2025-07,Gas Station,291974.27,6361,20567
1022,2025-07,Grocery,873955.73,10458,37234
1022,2025-07,Fresh Produce,439103.83,5461,22358
1022,2025-07,Meat & Seafood,615549.28,7706,20967
1022,2025-07,Bakery,231336.24,2963,10815
1022,2025-07,Frozen Foods,368047.2,3795,9725
1022,2025-07,Beverages,442762.98,4832,16368
1022,2025-07,Household,554770.83,7606,27134
1022,2025-07,Electronics,312877.99,3665,9527
1022,2025-07,Health & Beauty,231005.3,2425,6723
1022,2025-07,Home & Garden,154911.53,2177,9670
1022,2025-07,Apparel,137467.87,1468,5784
1022,2025-07,Gas Station,264527.95,5261,13704
1023,2025-07,Grocery,759747.54,9970,26453
1023,2025-07,Fresh Produce,365357.47,4624,12652
1023,2025-07,Meat & Seafood,545593.58,7086,25413
1023,2025-07,Bakery,185280.55,2177,7933
1023,2025-07,Frozen Foods,311644.85,4133,17044
1023,2025-07,Beverages,393944.95,4355,18524
1023,2025-07,Household,444819.42,5457,24498
1023,2025-07,Electronics,276413.95,2975,12475
1023,2025-07,Health & Beauty,198826.5,2227,6999
1023,2025-07,Home & Garden,122389.03,1304,4729
1023,2025-07,Apparel,110473.12,1376,4981
1023,2025-07,Gas Station,229185.83,4421,14877
1024,2025-07,Grocery,903654.9,10283,28022
1024,2025-07,Fresh Produce,398670.29,5092,17573
1024,2025-07,Meat & Seafood,601141.55,6232,18825
1024,2025-07,Bakery,212534.49,2830,11186
1024,2025-07,Frozen Foods,389332.39,3687,13223
1024,2025-07,Beverages,439207.87,5275,15378
1024,2025-07,Household,521696.95,6290,24011
1024,2025-07,Electronics,271452.36,3421,9512
1024,2025-07,Health & Beauty,236132.52,2526,8259
1024,2025-07,Home & Garden,144231.79,1438,4796
1024,2025-07,Apparel,130282.3,1490,5833
1024,2025-07,Gas Station,251098.5,5643,18413
1025,2025-07,Grocery,619710.95,8038,35277
1025,2025-07,Fresh Produce,297884.61,3404,15175
1025,2025-07,Meat & Seafood,433904.31,5574,16760
1025,2025-07,Bakery,146068.6,1525,6424
1025,2025-07,Frozen Foods,240791.88,2732,11330
1025,2025-07,Beverages,319409.3,3472,13944
1025,2025-07,Household,365912.56,3636,10929
1025,2025-07,Electronics,217138.3,2483,9957
1025,2025-07,Health & Beauty,156313.79,1811,6080
1025,2025-07,Home & Garden,96635.15,1197,3890
1025,2025-07,Apparel,95723.59,1262,3200
1025,2025-07,Gas Station,179816.25,3729,12896
1001,2025-08,Grocery,786263.25,10778,31179
1001,2025-08,Fresh Produce,392627.07,5125,22370
1001,2025-08,Meat & Seafood,565084.96,6103,26382
1001,2025-08,Bakery,170165.08,2007,5702
1001,2025-08,Frozen Foods,302663.84,3916,17033
1001,2025-08,Beverages,376780.77,4893,17848
1001,2025-08,Household,483599.29,6360,20394
1001,2025-08,Electronics,253285.54,3186,10904
1001,2025-08,Health & Beauty,171823.32,1948,8589
1001,2025-08,Home & Garden,125128.16,1748,6154
1001,2025-08,Apparel,112876.31,1187,4564
1001,2025-08,Gas Station,214263.4,3919,10447
1002,2025-08,Grocery,858672.85,8374,31700
1002,2025-08,Fresh Produce,437401.68,4605,18497
1002,2025-08,Meat & Seafood,683522.8,8213,33743
1002,2025-08,Bakery,209299.93,2681,7016
1002,2025-08,Frozen Foods,362008.59,4863,18580
1002,2025-08,Beverages,496448.22,6145,25075
1002,2025-08,Household,561661.33,6074,22799
1002,2025-08,Electronics,283250.86,3512,10092
1002,2025-08,Health & Beauty,226053.87,2905,12305
1002,2025-08,Home & Garden,130601.95,1504,3961
1002,2025-08,Apparel,138874.55,1330,5949
1002,2025-08,Gas Station,241307.32,4410,14247
1003,2025-08,Grocery,713107.26,8068,21477
1003,2025-08,Fresh Produce,330572.27,3628,11655
1003,2025-08,Meat & Seafood,463213.45,5547,17266
1003,2025-08,Bakery,154965.05,1824,6536
1003,2025-08,Frozen Foods,277734.8,2879,12404
1003,2025-08,Beverages,343104.24,4452,11830
1003,2025-08,Household,374058.26,4370,12665
1003,2025-08,Electronics,216868.72,2751,7529
1003,2025-08,Health & Beauty,155689.0,1694,6167
1003,2025-08,Home & Garden,103224.2,1081,4540
1003,2025-08,Apparel,95602.21,1159,4581
1003,2025-08,Gas Station,190388.91,3641,13811
1004,2025-08,Grocery,954296.57,11391,40534
1004,2025-08,Fresh Produce,496052.85,4864,16404
1004,2025-08,Meat & Seafood,702320.57,7531,22933
1004,2025-08,Bakery,261341.08,2461,11030
1004,2025-08,Frozen Foods,413472.05,5374,23070
1004,2025-08,Beverages,509703.76,5945,17176
1004,2025-08,Household,603451.65,6685,20033
1004,2025-08,Electronics,334818.0,3556,12752
1004,2025-08,Health & Beauty,264734.09,3103,11740
1004,2025-08,Home & Garden,166893.42,2183,9527
1004,2025-08,Apparel,152405.74,1604,6901
1004,2025-08,Gas Station,300380.96,6356,20663
1005,2025-08,Grocery,602993.9,6909,28356
1005,2025-08,Fresh Produce,291515.43,3571,12103
1005,2025-08,Meat & Seafood,393868.09,4715,17939
1005,2025-08,Bakery,139141.52,1760,7350
1005,2025-08,Frozen Foods,232683.86,2246,8527
1005,2025-08,Beverages,291892.92,3553,10549
1005,2025-08,Household,352701.45,3718,10612
1005,2025-08,Electronics,187613.38,2200,6120
1005,2025-08,Health & Beauty,148698.94,1893,5169
1005,2025-08,Home & Garden,88732.6,1023,3444
1005,2025-08,Apparel,83679.86,882,3496
1005,2025-08,Gas Station,152515.32,3713,14285
1006,2025-08,Grocery,799612.34,10130,30298
1006,2025-08,Fresh Produce,338624.64,4390,15007
1006,2025-08,Meat & Seafood,572379.74,7489,19301
1006,2025-08,Bakery,207103.0,2380,7129
1006,2025-08,Frozen Foods,318508.39,3536,14567
1006,2025-08,Beverages,385605.05,3724,10782
1006,2025-08,Household,477338.43,6415,21773
1006,2025-08,Electronics,248837.65,2602,10621
1006,2025-08,Health & Beauty,201286.57,2031,7021
1006,2025-08,Home & Garden,127287.31,1646,4220
1006,2025-08,Apparel,115079.14,1393,5537
1006,2025-08,Gas Station,231821.17,5664,23062
1007,2025-08,Grocery,994147.56,11901,35289
1007,2025-08,Fresh Produce,440419.67,5429,22401
1007,2025-08,Meat & Seafood,671767.55,8270,29439
1007,2025-08,Bakery,228097.51,2745,9575
1007,2025-08,Frozen Foods,393340.6,4472,19021
1007,2025-08,Beverages,494317.37,6571,26069
1007,2025-08,Household,530161.64,5166,18635
1007,2025-08,Electronics,321852.94,3872,13946
1007,2025-08,Health & Beauty,228040.33,3029,11997
1007,2025-08,Home & Garden,138555.98,1524,5668
1007,2025-08,Apparel,138231.09,1937,7033
1007,2025-08,Gas Station,284676.95,6803,29192
1008,2025-08,Grocery,889923.68,11737,45768
1008,2025-08,Fresh Produce,442621.25,5252,20506
1008,2025-08,Meat & Seafood,702632.57,6648,20409
1008,2025-08,Bakery,221354.61,2362,9281
1008,2025-08,Frozen Foods,375644.68,5010,13955
1008,2025-08,Beverages,435287.76,5448,19724
1008,2025-08,Household,510429.6,6013,18351
1008,2025-08,Electronics,304553.15,3100,10155
1008,2025-08,Health & Beauty,220061.58,2100,8480
1008,2025-08,Home & Garden,142845.26,1932,5630
1008,2025-08,Apparel,129777.94,1626,6724
1008,2025-08,Gas Station,274893.8,6964,26429
1009,2025-08,Grocery,935484.1,10870,28600
1009,2025-08,Fresh Produce,408790.25,5686,20194
1009,2025-08,Meat & Seafood,623621.02,6155,15725
1009,2025-08,Bakery,209940.61,2422,7614
1009,2025-08,Frozen Foods,315067.09,3484,11815
1009,2025-08,Beverages,415377.59,4762,16925
1009,2025-08,Household,462999.01,4628,16231
1009,2025-08,Electronics,287570.38,3314,12077
1009,2025-08,Health & Beauty,214663.25,2378,6108
1009,2025-08,Home & Garden,127378.31,1527,4474
1009,2025-08,Apparel,119399.6,1291,4512
1009,2025-08,Gas Station,239206.82,5665,21658
1010,2025-08,Grocery,862518.53,10056,40922
1010,2025-08,Fresh Produce,397317.45,4195,14730
1010,2025-08,Meat & Seafood,634079.98,7522,27143
1010,2025-08,Bakery,208702.04,2585,10015
1010,2025-08,Frozen Foods,341939.09,3611,15199
1010,2025-08,Beverages,410185.87,4608,13424
1010,2025-08,Household,497373.83,5226,22870
1010,2025-08,Electronics,288059.21,3801,10431
1010,2025-08,Health & Beauty,222486.41,2345,10408
1010,2025-08,Home & Garden,133904.3,1528,4985
1010,2025-08,Apparel,133265.99,1602,6845
1010,2025-08,Gas Station,250324.62,5184,22711
1011,2025-08,Grocery,832366.7,10515,28633
1011,2025-08,Fresh Produce,426366.88,5484,23546
1011,2025-08,Meat & Seafood,658659.75,8817,22635
1011,2025-08,Bakery,226410.62,2188,8699
1011,2025-08,Frozen Foods,334743.07,3154,13020
1011,2025-08,Beverages,454572.53,4955,18455
1011,2025-08,Household,530113.88,5425,20675
1011,2025-08,Electronics,274639.13,3295,14795
1011,2025-08,Health & Beauty,228820.69,2365,10102
1011,2025-08,Home & Garden,144841.58,1634,7260
1011,2025-08,Apparel,119297.15,1161,5005
1011,2025-08,Gas Station,253964.82,6549,21079
1012,2025-08,Grocery,817108.88,8686,37504
1012,2025-08,Fresh Produce,406211.16,5082,21700
1012,2025-08,Meat & Seafood,580298.37,5790,18056
1012,2025-08,Bakery,214738.35,2439,9737
1012,2025-08,Frozen Foods,346648.25,4604,20628
1012,2025-08,Beverages,422250.48,4287,11696
1012,2025-08,Household,485926.61,6288,25648
1012,2025-08,Electronics,288626.8,3736,9701
1012,2025-08,Health & Beauty,226487.91,2604,9425
1012,2025-08,Home & Garden,141058.19,1675,6121
1012,2025-08,Apparel,131584.26,1387,4083
1012,2025-08,Gas Station,252076.06,5210,17756
1013,2025-08,Grocery,778853.85,9029,25918
1013,2025-08,Fresh Produce,395721.9,4090,14308
1013,2025-08,Meat & Seafood,638290.86,7520,20968
1013,2025-08,Bakery,216902.43,2722,10024
1013,2025-08,Frozen Foods,391730.24,5417,21379
1013,2025-08,Beverages,408443.18,4323,18181
1013,2025-08,Household,514707.29,5733,14511
1013,2025-08,Electronics,302212.86,3031,10841
1013,2025-08,Health & Beauty,218929.94,2545,10152
1013,2025-08,Home & Garden,144968.2,1918,5288
1013,2025-08,Apparel,129037.18,1541,6580
1013,2025-08,Gas Station,278704.81,6084,15845
1014,2025-08,Grocery,727930.33,7897,19752
1014,2025-08,Fresh Produce,317759.52,3284,13879
1014,2025-08,Meat & Seafood,438142.55,4083,18330
1014,2025-08,Bakery,172067.78,1825,6372
1014,2025-08,Frozen Foods,323204.41,3592,11775
1014,2025-08,Beverages,377349.59,4388,18562
1014,2025-08,Household,431266.78,6029,24206
1014,2025-08,Electronics,223863.4,2772,12358
1014,2025-08,Health & Beauty,176258.97,2225,5567
1014,2025-08,Home & Garden,114558.97,1305,4075
1014,2025-08,Apparel,111001.14,1211,3544
1014,2025-08,Gas Station,194843.13,4205,11936
1015,2025-08,Grocery,840513.25,10223,30038
1015,2025-08,Fresh Produce,484454.77,6499,17542
1015,2025-08,Meat & Seafood,701285.57,8888,26667
1015,2025-08,Bakery,237348.0,2701,9046
1015,2025-08,Frozen Foods,382845.39,4031,11276
1015,2025-08,Beverages,512242.47,6406,23055
1015,2025-08,Household,593762.61,7108,26845
1015,2025-08,Electronics,316634.49,2948,12443
1015,2025-08,Health & Beauty,237563.03,2567,9381
1015,2025-08,Home & Garden,163710.98,2070,6492
1015,2025-08,Apparel,155059.84,1820,7369
1015,2025-08,Gas Station,258450.57,5270,22248
1016,2025-08,Grocery,907275.67,9800,34910
1016,2025-08,Fresh Produce,469043.53,5357,15966
1016,2025-08,Meat & Seafood,669062.59,7209,19570
1016,2025-08,Bakery,212984.42,2260,9836
1016,2025-08,Frozen Foods,375101.27,4104,12697
1016,2025-08,Beverages,435427.21,4918,20353
1016,2025-08,Household,584956.15,6024,18222
1016,2025-08,Electronics,315893.66,4122,10378
1016,2025-08,Health & Beauty,230301.07,2735,8965
1016,2025-08,Home & Garden,141920.61,1614,5429
1016,2025-08,Apparel,140618.36,1363,5884
1016,2025-08,Gas Station,263809.66,4442,18654
1017,2025-08,Grocery,583819.09,6482,17790
1017,2025-08,Fresh Produce,262778.95,3427,12943
1017,2025-08,Meat & Seafood,402501.04,4405,12268
1017,2025-08,Bakery,158727.31,2015,7744
1017,2025-08,Frozen Foods,212037.44,2450,6628
1017,2025-08,Beverages,267774.34,3375,8627
1017,2025-08,Household,329795.58,3852,15232
1017,2025-08,Electronics,191583.1,2198,9547
1017,2025-08,Health & Beauty,135094.09,1683,5592
1017,2025-08,Home & Garden,84164.46,1023,2988
1017,2025-08,Apparel,83941.25,807,2841
1017,2025-08,Gas Station,164900.84,3928,16998
1018,2025-08,Grocery,968643.04,11401,28827
1018,2025-08,Fresh Produce,402427.66,5072,17932
1018,2025-08,Meat & Seafood,612210.86,7474,22108
1018,2025-08,Bakery,258787.22,2769,9209
1018,2025-08,Frozen Foods,356174.2,4199,16082
1018,2025-08,Beverages,441229.35,5551,15516
1018,2025-08,Household,587920.71,6537,16575
1018,2025-08,Electronics,317391.83,3137,12129
1018,2025-08,Health & Beauty,229454.02,2844,11436
1018,2025-08,Home & Garden,152031.84,1764,5373
1018,2025-08,Apparel,137012.36,1435,3867
1018,2025-08,Gas Station,264155.0,6925,27033
1019,2025-08,Grocery,818465.58,7011,24767
1019,2025-08,Fresh Produce,365430.79,4344,17027
1019,2025-08,Meat & Seafood,518370.6,6317,16412
1019,2025-08,Bakery,193319.1,2050,8234
1019,2025-08,Frozen Foods,291162.06,2902,12676
1019,2025-08,Beverages,380843.0,4403,14031
1019,2025-08,Household,478779.6,6404,21335
1019,2025-08,Electronics,262429.5,3062,8943
1019,2025-08,Health & Beauty,182306.61,2384,10122
1019,2025-08,Home & Garden,130283.84,1297,3984
1019,2025-08,Apparel,123510.51,1266,5045
1019,2025-08,Gas Station,209657.54,4406,18511
1020,2025-08,Grocery,735043.47,8952,23718
1020,2025-08,Fresh Produce,337479.24,4046,12829
1020,2025-08,Meat & Seafood,531259.99,6317,20352
1020,2025-08,Bakery,160851.46,1634,4813
1020,2025-08,Frozen Foods,321359.69,4278,16557
1020,2025-08,Beverages,382693.79,5050,20299
1020,2025-08,Household,417914.93,4353,16179
1020,2025-08,Electronics,267040.59,3073,8319
1020,2025-08,Health & Beauty,173805.15,2082,8082
1020,2025-08,Home & Garden,123247.61,1579,4366
1020,2025-08,Apparel,111471.01,1425,3650
1020,2025-08,Gas Station,227950.86,4737,12529
1021,2025-08,Grocery,903305.93,10562,38090
1021,2025-08,Fresh Produce,422946.68,4514,19504
1021,2025-08,Meat & Seafood,599193.55,7064,26115
1021,2025-08,Bakery,237900.64,2979,13291
1021,2025-08,Frozen Foods,367129.77,4413,17157
1021,2025-08,Beverages,439593.32,5016,18295
1021,2025-08,Household,563294.55,6691,22649
1021,2025-08,Electronics,320921.26,4439,12666
1021,2025-08,Health & Beauty,239639.58,3474,12116
1021,2025-08,Home & Garden,136794.3,1617,5541
1021,2025-08,Apparel,135164.42,1984,6899
1021,2025-08,Gas Station,251893.19,4610,17001
1022,2025-08,Grocery,888102.55,10413,35031
1022,2025-08,Fresh Produce,417722.85,5523,22670
1022,2025-08,Meat & Seafood,642782.4,7779,29908
1022,2025-08,Bakery,211870.36,2205,6969
1022,2025-08,Frozen Foods,369282.42,3740,9501
1022,2025-08,Beverages,447089.47,4543,17324
1022,2025-08,Household,595190.82,7133,19918
1022,2025-08,Electronics,297711.91,3458,12447
1022,2025-08,Health & Beauty,231721.31,2641,7562
1022,2025-08,Home & Garden,145819.25,1445,5137
1022,2025-08,Apparel,130414.24,1637,6080
1022,2025-08,Gas Station,248958.61,4857,15863
1023,2025-08,Grocery,614506.64,8709,32722
1023,2025-08,Fresh Produce,294863.9,3761,14849
1023,2025-08,Meat & Seafood,441796.47,5291,15113
1023,2025-08,Bakery,145733.3,1806,4971
1023,2025-08,Frozen Foods,294074.41,2839,11083
1023,2025-08,Beverages,320896.32,3946,13069
1023,2025-08,Household,407566.41,4584,12893
1023,2025-08,Electronics,232848.08,2496,6318
1023,2025-08,Health & Beauty,168345.1,1709,4908
1023,2025-08,Home & Garden,102310.58,972,3250
1023,2025-08,Apparel,96286.62,1044,2976
1023,2025-08,Gas Station,193862.11,3064,8477
1024,2025-08,Grocery,697761.13,9551,33831
1024,2025-08,Fresh Produce,337892.76,3585,14404
1024,2025-08,Meat & Seafood,486637.42,5553,15564
1024,2025-08,Bakery,168590.04,1850,7906
1024,2025-08,Frozen Foods,275544.0,3382,9973
1024,2025-08,Beverages,381896.02,5906,21738
1024,2025-08,Household,455862.26,5784,14573
1024,2025-08,Electronics,239042.11,2693,10877
1024,2025-08,Health & Beauty,173955.16,2231,9291
1024,2025-08,Home & Garden,110156.23,1453,5667
1024,2025-08,Apparel,112320.15,1186,4584
1024,2025-08,Gas Station,218723.17,4715,20697
1025,2025-08,Grocery,709894.24,8043,28483
1025,2025-08,Fresh Produce,348230.59,4151,14180
1025,2025-08,Meat & Seafood,543448.66,6817,20219
1025,2025-08,Bakery,152868.45,1741,6819
1025,2025-08,Frozen Foods,294349.84,3219,12015
1025,2025-08,Beverages,367913.61,3656,10764
1025,2025-08,Household,441169.15,4609,20532
1025,2025-08,Electronics,238624.9,2455,7397
1025,2025-08,Health & Beauty,176011.33,1753,6843
1025,2025-08,Home & Garden,116646.08,1505,4174
1025,2025-08,Apparel,119874.09,1552,6542
1025,2025-08,Gas Station,186135.01,4651,19425
1001,2025-09,Grocery,762458.82,9969,38974
1001,2025-09,Fresh Produce,276397.8,3497,12897
1001,2025-09,Meat & Seafood,357385.62,3748,15083
1001,2025-09,Bakery,169580.71,1772,7398
1001,2025-09,Frozen Foods,294585.02,3434,10019
1001,2025-09,Beverages,382003.47,4334,14654
1001,2025-09,Household,431254.96,4583,16161
1001,2025-09,Electronics,253643.1,3264,10964
1001,2025-09,Health & Beauty,180097.29,2246,6961
1001,2025-09,Home & Garden,116566.1,1496,4570
1001,2025-09,Apparel,105537.35,1461,4310
1001,2025-09,Gas Station,175490.29,4030,12965
1002,2025-09,Grocery,783726.07,9180,30034
1002,2025-09,Fresh Produce,297990.37,3694,14397
1002,2025-09,Meat & Seafood,434517.74,6110,21853
1002,2025-09,Bakery,191902.03,2444,7241
1002,2025-09,Frozen Foods,324258.5,3398,13509
1002,2025-09,Beverages,358460.73,4451,19833
1002,2025-09,Household,501801.69,6213,16032
1002,2025-09,Electronics,264131.21,2696,7724
1002,2025-09,Health & Beauty,219519.21,2666,10792
1002,2025-09,Home & Garden,127782.74,1420,3897
1002,2025-09,Apparel,109593.87,1049,3667
1002,2025-09,Gas Station,191348.02,4300,16225
1003,2025-09,Grocery,685975.18,8277,29386
1003,2025-09,Fresh Produce,253541.35,3108,12207
1003,2025-09,Meat & Seafood,360616.53,4197,17288
1003,2025-09,Bakery,162119.03,1884,7879
1003,2025-09,Frozen Foods,270259.52,3034,11184
1003,2025-09,Beverages,345721.62,4894,19482
1003,2025-09,Household,406677.76,5249,21620
1003,2025-09,Electronics,223321.15,2570,6618
1003,2025-09,Health & Beauty,177569.97,2288,6591
1003,2025-09,Home & Garden,105777.18,1368,5026
1003,2025-09,Apparel,105128.85,1164,4877
1003,2025-09,Gas Station,170065.23,4166,17018
1004,2025-09,Grocery,1020376.62,12961,47488
1004,2025-09,Fresh Produce,372063.19,4357,11243
1004,2025-09,Meat & Seafood,580006.54,7615,27015
1004,2025-09,Bakery,274811.4,2971,12033
1004,2025-09,Frozen Foods,433357.69,5038,22048
1004,2025-09,Beverages,513169.74,6652,17900
1004,2025-09,Household,625001.32,8429,29373
1004,2025-09,Electronics,368019.02,3874,13956
1004,2025-09,Health & Beauty,255488.56,2670,9862
1004,2025-09,Home & Garden,177094.74,1895,7676
1004,2025-09,Apparel,160479.81,2136,5384
1004,2025-09,Gas Station,245357.9,5596,15298
1005,2025-09,Grocery,568893.99,7170,22279
1005,2025-09,Fresh Produce,191481.06,2298,6698
1005,2025-09,Meat & Seafood,319873.9,3590,9851
1005,2025-09,Bakery,130461.34,1570,5203
1005,2025-09,Frozen Foods,220893.76,2454,9128
1005,2025-09,Beverages,288418.52,3164,11357
1005,2025-09,Household,339131.7,4342,12014
1005,2025-09,Electronics,212793.05,2487,9367
1005,2025-09,Health & Beauty,128803.05,1479,4243
1005,2025-09,Home & Garden,81088.81,751,2561
1005,2025-09,Apparel,84712.19,1119,2893
1005,2025-09,Gas Station,124935.1,2706,8693
1006,2025-09,Grocery,687600.2,7729,33023
1006,2025-09,Fresh Produce,240803.08,2691,9196
1006,2025-09,Meat & Seafood,345318.88,3971,13925
1006,2025-09,Bakery,153153.1,1883,7947
1006,2025-09,Frozen Foods,227460.97,2909,10775
1006,2025-09,Beverages,316839.49,3773,16977
1006,2025-09,Household,377504.27,4364,18349
1006,2025-09,Electronics,224060.04,2903,12612
1006,2025-09,Health & Beauty,158885.27,1894,6795
1006,2025-09,Home & Garden,113654.11,1357,3602
1006,2025-09,Apparel,95321.68,1155,3854
1006,2025-09,Gas Station,154943.79,3789,12349
1007,2025-09,Grocery,714395.17,7929,23619
1007,2025-09,Fresh Produce,265728.46,2966,8812
1007,2025-09,Meat & Seafood,370769.37,4637,14548
1007,2025-09,Bakery,169157.9,2061,7784
1007,2025-09,Frozen Foods,292797.5,3728,11785
1007,2025-09,Beverages,378401.33,4884,21066
1007,2025-09,Household,411719.02,4676,12278
1007,2025-09,Electronics,251704.26,3256,9578
1007,2025-09,Health & Beauty,178635.91,1906,6193
1007,2025-09,Home & Garden,122724.91,1083,3822
1007,2025-09,Apparel,103274.54,1092,4262
1007,2025-09,Gas Station,193529.28,4099,11415
1008,2025-09,Grocery,950914.6,11902,44944
1008,2025-09,Fresh Produce,299310.48,3684,13963
1008,2025-09,Meat & Seafood,497948.73,5720,21778
1008,2025-09,Bakery,221401.31,2140,8973
1008,2025-09,Frozen Foods,363874.51,3393,13094
1008,2025-09,Beverages,432306.8,5358,19451
1008,2025-09,Household,493035.52,6975,25132
1008,2025-09,Electronics,300785.96,3208,10961
1008,2025-09,Health & Beauty,228848.86,2854,10567
1008,2025-09,Home & Garden,135511.36,1510,4825
1008,2025-09,Apparel,126590.84,1619,5429
1008,2025-09,Gas Station,227138.63,4754,20288
1009,2025-09,Grocery,754799.11,7891,22380
1009,2025-09,Fresh Produce,252644.91,2954,8445
1009,2025-09,Meat & Seafood,381907.81,4386,16581
1009,2025-09,Bakery,175683.83,2047,8635
1009,2025-09,Frozen Foods,275689.69,3467,14741
1009,2025-09,Beverages,357229.98,4685,13709
1009,2025-09,Household,452942.24,5215,14983
1009,2025-09,Electronics,229537.31,2617,11046
1009,2025-09,Health & Beauty,171825.68,2097,6004
1009,2025-09,Home & Garden,98080.76,1163,4121
1009,2025-09,Apparel,108947.28,1280,5344
1009,2025-09,Gas Station,166212.21,3460,8792
1010,2025-09,Grocery,646023.66,8092,29739
1010,2025-09,Fresh Produce,226259.37,2773,9393
1010,2025-09,Meat & Seafood,347008.73,4016,16732
1010,2025-09,Bakery,165058.75,1867,5840
1010,2025-09,Frozen Foods,269865.71,2841,10367
1010,2025-09,Beverages,330286.76,3113,9315
1010,2025-09,Household,385539.66,4898,14646
1010,2025-09,Electronics,214588.57,2168,9245
1010,2025-09,Health & Beauty,164155.08,1938,6754
1010,2025-09,Home & Garden,99191.19,1376,4262
1010,2025-09,Apparel,102030.92,1166,4601
1010,2025-09,Gas Station,136907.78,3816,12920
1011,2025-09,Grocery,673654.19,6991,20310
1011,2025-09,Fresh Produce,261531.37,3170,9251
1011,2025-09,Meat & Seafood,394216.46,4313,18376
1011,2025-09,Bakery,186714.42,2213,8983
1011,2025-09,Frozen Foods,286279.18,3288,8495
1011,2025-09,Beverages,352101.92,3664,13259
1011,2025-09,Household,467712.7,5398,14019
1011,2025-09,Electronics,256541.24,3342,14757
1011,2025-09,Health & Beauty,190834.91,2167,9076
1011,2025-09,Home & Garden,111749.64,1378,4187
1011,2025-09,Apparel,117444.55,1291,5607
1011,2025-09,Gas Station,172222.2,3932,14425
1012,2025-09,Grocery,629345.46,6457,24776
1012,2025-09,Fresh Produce,226742.78,2493,8222
1012,2025-09,Meat & Seafood,388919.16,4847,17282
1012,2025-09,Bakery,163498.97,1903,8399
1012,2025-09,Frozen Foods,265219.69,3527,15747
1012,2025-09,Beverages,318531.15,3195,11883
1012,2025-09,Household,426231.83,4477,12561
1012,2025-09,Electronics,231661.56,2459,8879
1012,2025-09,Health & Beauty,159953.1,1926,6014
1012,2025-09,Home & Garden,109142.73,1466,4216
1012,2025-09,Apparel,100951.41,1079,3425
1012,2025-09,Gas Station,165880.29,3766,11280
1013,2025-09,Grocery,849827.37,9757,41420
1013,2025-09,Fresh Produce,251874.2,2713,7546
1013,2025-09,Meat & Seafood,423697.38,5246,18336
1013,2025-09,Bakery,207704.82,2669,6877
1013,2025-09,Frozen Foods,302907.3,2861,12747
1013,2025-09,Beverages,428782.87,6541,25671
1013,2025-09,Household,492970.92,4906,17536
1013,2025-09,Electronics,272298.42,3163,12206
1013,2025-09,Health & Beauty,207259.01,2741,11986
1013,2025-09,Home & Garden,134095.95,1356,3751
1013,2025-09,Apparel,129873.59,1616,6915
1013,2025-09,Gas Station,189609.82,5320,16586
1014,2025-09,Grocery,946586.97,10716,35414
1014,2025-09,Fresh Produce,315736.36,3213,9480
1014,2025-09,Meat & Seafood,467726.77,5678,24525
1014,2025-09,Bakery,210291.53,2332,8707
1014,2025-09,Frozen Foods,353763.09,4764,14099
1014,2025-09,Beverages,437020.94,4925,13603
1014,2025-09,Household,555385.36,5779,15580
1014,2025-09,Electronics,291481.51,3616,14487
1014,2025-09,Health & Beauty,217242.61,2167,8991
1014,2025-09,Home & Garden,142719.16,1773,7353
1014,2025-09,Apparel,129810.77,1301,4514
1014,2025-09,Gas Station,203072.52,4798,20933
1015,2025-09,Grocery,914589.24,10107,39615
1015,2025-09,Fresh Produce,312410.36,3958,15730
1015,2025-09,Meat & Seafood,508885.06,6569,25166
1015,2025-09,Bakery,237233.73,2438,8020
1015,2025-09,Frozen Foods,390333.92,4908,15367
1015,2025-09,Beverages,478245.26,5878,15484
1015,2025-09,Household,526385.88,6810,21859
1015,2025-09,Electronics,336900.25,3965,15033
1015,2025-09,Health & Beauty,246893.31,2791,11791
1015,2025-09,Home & Garden,140321.84,1568,4917
1015,2025-09,Apparel,131987.98,1480,4389
1015,2025-09,Gas Station,214892.81,4850,15191
1016,2025-09,Grocery,804118.69,9626,26265
1016,2025-09,Fresh Produce,312429.29,3767,15613
1016,2025-09,Meat & Seafood,467915.7,5482,21736
1016,2025-09,Bakery,200441.12,2606,7982
1016,2025-09,Frozen Foods,335403.82,3940,16695
1016,2025-09,Beverages,418939.62,4604,14096
1016,2025-09,Household,505807.96,6019,20846
1016,2025-09,Electronics,282972.71,2783,10220
1016,2025-09,Health & Beauty,217075.46,2742,7234
1016,2025-09,Home & Garden,132570.07,1476,5614
1016,2025-09,Apparel,120025.47,1461,5262
1016,2025-09,Gas Station,212649.69,4624,14573
1017,2025-09,Grocery,546372.03,5645,19860
1017,2025-09,Fresh Produce,200398.39,2565,9368
1017,2025-09,Meat & Seafood,308466.52,3512,10540
1017,2025-09,Bakery,131772.62,1434,5121
1017,2025-09,Frozen Foods,201803.71,2572,8415
1017,2025-09,Beverages,265115.11,3184,13771
1017,2025-09,Household,324854.36,4015,12897
1017,2025-09,Electronics,186843.42,2029,8936
1017,2025-09,Health & Beauty,126751.99,1836,6127
1017,2025-09,Home & Garden,85005.05,949,3195
1017,2025-09,Apparel,78526.13,849,3603
1017,2025-09,Gas Station,136081.96,2769,11416
1018,2025-09,Grocery,811179.65,10277,36718
1018,2025-09,Fresh Produce,319545.89,3705,13762
1018,2025-09,Meat & Seafood,464737.12,4792,20246
1018,2025-09,Bakery,225001.77,2769,8309
1018,2025-09,Frozen Foods,349218.56,4293,16990
1018,2025-09,Beverages,447193.3,5096,19242
1018,2025-09,Household,506156.58,6539,18252
1018,2025-09,Electronics,284741.53,2683,9569
1018,2025-09,Health & Beauty,247224.76,3112,13018
1018,2025-09,Home & Garden,134096.43,1431,6120
1018,2025-09,Apparel,142175.31,1919,6632
1018,2025-09,Gas Station,190180.16,4321,15528
1019,2025-09,Grocery,620681.31,7077,30725
1019,2025-09,Fresh Produce,231352.07,3162,11364
1019,2025-09,Meat & Seafood,334106.96,4256,18793
1019,2025-09,Bakery,148444.98,1839,8241
1019,2025-09,Frozen Foods,269824.03,3128,8021
1019,2025-09,Beverages,314256.74,4005,15099
1019,2025-09,Household,388644.45,4701,15240
1019,2025-09,Electronics,220733.07,2623,8204
1019,2025-09,Health & Beauty,150282.86,1916,5676
1019,2025-09,Home & Garden,94297.98,1089,4197
1019,2025-09,Apparel,98318.49,1262,5435
1019,2025-09,Gas Station,158421.32,3453,9015
1020,2025-09,Grocery,718172.05,7520,18934
1020,2025-09,Fresh Produce,252493.52,2684,7063
1020,2025-09,Meat & Seafood,405965.19,4585,18486
1020,2025-09,Bakery,188572.33,2050,7337
1020,2025-09,Frozen Foods,287484.0,3332,9335
1020,2025-09,Beverages,359258.9,3444,9939
1020,2025-09,Household,421693.04,5331,20746
1020,2025-09,Electronics,205325.25,2364,7685
1020,2025-09,Health & Beauty,163383.23,1923,7431
1020,2025-09,Home & Garden,102460.34,1127,3444
1020,2025-09,Apparel,107611.43,1292,4454
1020,2025-09,Gas Station,153382.48,3460,11744
1021,2025-09,Grocery,1094042.07,12029,45838
1021,2025-09,Fresh Produce,366102.54,3820,16700
1021,2025-09,Meat & Seafood,553914.05,6774,19993
1021,2025-09,Bakery,251407.93,2638,9099
1021,2025-09,Frozen Foods,412608.9,3957,10442
1021,2025-09,Beverages,564843.82,4690,14178
1021,2025-09,Household,572582.61,6635,28054
1021,2025-09,Electronics,362754.45,4128,11775
1021,2025-09,Health & Beauty,247875.46,2646,8948
1021,2025-09,Home & Garden,162625.97,1681,6361
1021,2025-09,Apparel,149214.01,1930,6747
1021,2025-09,Gas Station,254716.35,6451,24671
1022,2025-09,Grocery,666265.97,7153,31240
1022,2025-09,Fresh Produce,257642.08,3100,8493
1022,2025-09,Meat & Seafood,371718.27,4690,12055
1022,2025-09,Bakery,180182.6,1999,5307
1022,2025-09,Frozen Foods,315485.94,4127,13400
1022,2025-09,Beverages,362066.04,4982,16741
1022,2025-09,Household,404605.38,3834,17006
1022,2025-09,Electronics,232763.19,3049,12097
1022,2025-09,Health & Beauty,174338.78,1976,6818
1022,2025-09,Home & Garden,112378.03,1503,6370
1022,2025-09,Apparel,100385.56,1040,4676
1022,2025-09,Gas Station,184666.26,4070,16727
1023,2025-09,Grocery,664562.15,9246,26188
1023,2025-09,Fresh Produce,272681.45,3264,9969
1023,2025-09,Meat & Seafood,339548.95,4175,16439
1023,2025-09,Bakery,167780.49,1603,6646
1023,2025-09,Frozen Foods,285292.31,3453,12520
1023,2025-09,Beverages,349202.11,4589,12290
1023,2025-09,Household,380808.1,3848,10830
1023,2025-09,Electronics,229355.81,2748,7528
1023,2025-09,Health & Beauty,161583.69,1869,7955
1023,2025-09,Home & Garden,112514.04,1439,4200
1023,2025-09,Apparel,100457.82,1074,3252
1023,2025-09,Gas Station,159131.59,3689,12217
1024,2025-09,Grocery,786567.61,9690,43018
1024,2025-09,Fresh Produce,284067.9,3239,10838
1024,2025-09,Meat & Seafood,481791.73,6372,20887
1024,2025-09,Bakery,195052.27,2505,10194
1024,2025-09,Frozen Foods,319149.2,3937,13171
1024,2025-09,Beverages,391286.64,4810,13486
1024,2025-09,Household,492648.53,4772,14954
1024,2025-09,Electronics,273200.3,3244,12461
1024,2025-09,Health & Beauty,202629.84,2340,8497
1024,2025-09,Home & Garden,126053.46,1321,5029
1024,2025-09,Apparel,112984.15,1267,3354
1024,2025-09,Gas Station,194788.24,4614,15312
1025,2025-09,Grocery,647328.0,7531,30588
1025,2025-09,Fresh Produce,236457.18,2490,8001
1025,2025-09,Meat & Seafood,358183.29,3979,14844
1025,2025-09,Bakery,155669.55,1580,5655
1025,2025-09,Frozen Foods,239493.57,2878,9507
1025,2025-09,Beverages,319460.34,3929,12528
1025,2025-09,Household,390344.53,4051,17372
1025,2025-09,Electronics,239367.64,2687,10434
1025,2025-09,Health & Beauty,167770.75,2175,6822
1025,2025-09,Home & Garden,101764.6,952,3206
1025,2025-09,Apparel,100808.09,1039,3724
1025,2025-09,Gas Station,145065.87,3277,10020
1001,2025-10,Grocery,699275.69,7495,19181
1001,2025-10,Fresh Produce,223585.63,2175,7547
1001,2025-10,Meat & Seafood,339270.75,4574,13384
1001,2025-10,Bakery,166752.63,1887,6007
1001,2025-10,Frozen Foods,254176.64,2620,9897
1001,2025-10,Beverages,299655.95,3388,13657
1001,2025-10,Household,398621.26,4547,14598
1001,2025-10,Electronics,212198.66,2186,5601
1001,2025-10,Health & Beauty,165990.76,1942,8694
1001,2025-10,Home & Garden,106896.75,1289,4384
1001,2025-10,Apparel,101026.0,1120,3108
1001,2025-10,Gas Station,146442.35,3308,12406
1002,2025-10,Grocery,1138537.02,16117,58728
1002,2025-10,Fresh Produce,382049.24,4901,14353
1002,2025-10,Meat & Seafood,553121.11,6183,21313
1002,2025-10,Bakery,274115.59,3006,12547
1002,2025-10,Frozen Foods,449290.98,4661,15599
1002,2025-10,Beverages,582166.73,7603,33034
1002,2025-10,Household,678151.48,8497,36579
1002,2025-10,Electronics,395507.9,4902,12574
1002,2025-10,Health & Beauty,279702.91,3767,13352
1002,2025-10,Home & Garden,160058.11,1723,6213
1002,2025-10,Apparel,157779.26,1677,5530
1002,2025-10,Gas Station,245481.73,5420,15896
1003,2025-10,Grocery,757213.6,7988,32660
1003,2025-10,Fresh Produce,256171.89,3221,10865
1003,2025-10,Meat & Seafood,403353.71,4888,17421
1003,2025-10,Bakery,181087.85,2059,5353
1003,2025-10,Frozen Foods,297246.92,3512,9506
1003,2025-10,Beverages,371638.52,4318,14253
1003,2025-10,Household,446266.08,4787,19542
1003,2025-10,Electronics,245888.82,3495,9379
1003,2025-10,Health & Beauty,178961.62,2187,5802
1003,2025-10,Home & Garden,125069.38,1509,5162
1003,2025-10,Apparel,104467.86,1070,3836
1003,2025-10,Gas Station,196975.89,4251,15562
1004,2025-10,Grocery,1148825.14,13442,59395
1004,2025-10,Fresh Produce,400079.32,6005,17011
1004,2025-10,Meat & Seafood,596265.87,6844,19705
1004,2025-10,Bakery,284846.1,3351,13087
1004,2025-10,Frozen Foods,447744.75,4949,21371
1004,2025-10,Beverages,596618.16,7493,33283
1004,2025-10,Household,697877.68,9287,40118
1004,2025-10,Electronics,350484.74,4249,11270
1004,2025-10,Health & Beauty,299538.85,3654,10480
1004,2025-10,Home & Garden,198199.58,2254,7381
1004,2025-10,Apparel,174696.24,2027,5429
1004,2025-10,Gas Station,293206.14,5994,17271
1005,2025-10,Grocery,589392.53,5543,24048
1005,2025-10,Fresh Produce,226480.57,2760,8874
1005,2025-10,Meat & Seafood,321502.81,4303,14714
1005,2025-10,Bakery,139704.2,1487,5564
1005,2025-10,Frozen Foods,241463.05,2789,8282
1005,2025-10,Beverages,290363.85,3168,13534
1005,2025-10,Household,370213.33,3792,11235
1005,2025-10,Electronics,210014.98,2543,10767
1005,2025-10,Health & Beauty,142037.29,1540,5820
1005,2025-10,Home & Garden,83780.18,1009,4166
1005,2025-10,Apparel,88959.19,1138,2984
1005,2025-10,Gas Station,137440.89,3088,9134
1006,2025-10,Grocery,641458.94,6471,18870
1006,2025-10,Fresh Produce,236682.17,2828,12273
1006,2025-10,Meat & Seafood,337691.93,4290,14920
1006,2025-10,Bakery,179623.72,1871,8211
1006,2025-10,Frozen Foods,285351.68,3697,11034
1006,2025-10,Beverages,345847.56,3919,15806
1006,2025-10,Household,375797.67,4371,17695
1006,2025-10,Electronics,233542.4,2236,8895
1006,2025-10,Health & Beauty,163883.79,1815,5645
1006,2025-10,Home & Garden,109437.29,1111,4841
1006,2025-10,Apparel,99555.93,1057,3031
1006,2025-10,Gas Station,159656.96,3449,14798
1007,2025-10,Grocery,839543.36,9194,40631
1007,2025-10,Fresh Produce,274650.27,2926,7605
1007,2025-10,Meat & Seafood,378241.66,4448,19224
1007,2025-10,Bakery,207033.04,2128,8981
1007,2025-10,Frozen Foods,305849.02,3729,12721
1007,2025-10,Beverages,369962.08,4422,14419
1007,2025-10,Household,435185.02,5014,15506
1007,2025-10,Electronics,284504.5,3628,12424
1007,2025-10,Health & Beauty,189284.0,2260,6032
1007,2025-10,Home & Garden,122608.93,1356,5305
1007,2025-10,Apparel,116639.42,1247,4307
1007,2025-10,Gas Station,189220.7,4996,22455
1008,2025-10,Grocery,844430.39,8056,27041
1008,2025-10,Fresh Produce,264951.75,2570,11188
1008,2025-10,Meat & Seafood,452881.63,5984,20648
1008,2025-10,Bakery,206785.71,2205,8267
1008,2025-10,Frozen Foods,352124.62,3188,13590
1008,2025-10,Beverages,413715.66,4850,14010
1008,2025-10,Household,472075.49,5324,20054
1008,2025-10,Electronics,290248.22,3302,14194
1008,2025-10,Health & Beauty,195140.3,2405,6996
1008,2025-10,Home & Garden,126089.29,1650,6030
1008,2025-10,Apparel,109794.42,1506,4583
1008,2025-10,Gas Station,208742.16,4425,17865
1009,2025-10,Grocery,787523.09,9705,28172
1009,2025-10,Fresh Produce,282144.74,3698,12809
1009,2025-10,Meat & Seafood,450704.19,4454,17524
1009,2025-10,Bakery,211715.65,2453,8669
1009,2025-10,Frozen Foods,327414.19,3463,11858
1009,2025-10,Beverages,399109.94,4994,16508
1009,2025-10,Household,492001.08,7027,22830
1009,2025-10,Electronics,282836.39,3189,7994
1009,2025-10,Health & Beauty,205146.55,2096,5920
1009,2025-10,Home & Garden,128580.46,1561,5767
1009,2025-10,Apparel,117676.67,1273,4747
1009,2025-10,Gas Station,205041.95,4672,14195
1010,2025-10,Grocery,714497.91,9883,27115
1010,2025-10,Fresh Produce,263270.52,3011,10545
1010,2025-10,Meat & Seafood,368676.26,4143,18135
1010,2025-10,Bakery,172209.42,2169,5888
1010,2025-10,Frozen Foods,271808.16,3426,10159
1010,2025-10,Beverages,339827.82,4145,10647
1010,2025-10,Household,460938.29,4865,21223
1010,2025-10,Electronics,237372.67,3111,9224
1010,2025-10,Health & Beauty,179165.9,2129,8971
1010,2025-10,Home & Garden,114702.69,1472,5371
1010,2025-10,Apparel,98080.01,1140,3269
1010,2025-10,Gas Station,157434.19,3050,10522
1011,2025-10,Grocery,731160.13,10265,26462
1011,2025-10,Fresh Produce,233279.02,2606,9329
1011,2025-10,Meat & Seafood,388498.04,5107,19019
1011,2025-10,Bakery,172883.41,1988,6662
1011,2025-10,Frozen Foods,272596.12,3189,10630
1011,2025-10,Beverages,368598.95,4814,21304
1011,2025-10,Household,398203.54,5640,24118
1011,2025-10,Electronics,220653.02,2940,12548
1011,2025-10,Health & Beauty,181703.65,2360,10130
1011,2025-10,Home & Garden,120439.27,1323,5277
1011,2025-10,Apparel,98362.18,1146,4633
1011,2025-10,Gas Station,160471.4,3808,10297
1012,2025-10,Grocery,751351.17,8856,24136
1012,2025-10,Fresh Produce,302754.12,4058,13336
1012,2025-10,Meat & Seafood,455637.76,4857,19807
1012,2025-10,Bakery,215213.63,2219,9449
1012,2025-10,Frozen Foods,312017.91,3022,13206
1012,2025-10,Beverages,414435.82,4372,16304
1012,2025-10,Household,504801.98,6172,18451
1012,2025-10,Electronics,286568.52,3785,15676
1012,2025-10,Health & Beauty,218742.16,2716,6938
1012,2025-10,Home & Garden,124204.9,1383,5069
1012,2025-10,Apparel,116279.59,1251,4789
1012,2025-10,Gas Station,205233.84,4692,18402
1013,2025-10,Grocery,890218.54,10245,31294
1013,2025-10,Fresh Produce,300281.96,3110,11818
1013,2025-10,Meat & Seafood,474532.62,5857,21517
1013,2025-10,Bakery,207097.28,2572,7302
1013,2025-10,Frozen Foods,342986.75,4492,13439
1013,2025-10,Beverages,443281.77,5384,20268
1013,2025-10,Household,508526.01,4690,18781
1013,2025-10,Electronics,325321.18,3509,11152
1013,2025-10,Health & Beauty,241457.76,3228,11259
1013,2025-10,Home & Garden,126915.55,1411,4658
1013,2025-10,Apparel,131647.59,1520,4992
1013,2025-10,Gas Station,217817.51,4702,12635
1014,2025-10,Grocery,765782.12,8902,25161
1014,2025-10,Fresh Produce,290216.3,3241,10818
1014,2025-10,Meat & Seafood,433033.42,4538,17050
1014,2025-10,Bakery,204366.96,2452,8001
1014,2025-10,Frozen Foods,310172.24,3280,10486
1014,2025-10,Beverages,363608.89,3137,8676
1014,2025-10,Household,454528.34,5100,18483
1014,2025-10,Electronics,247402.71,2799,11133
1014,2025-10,Health & Beauty,215865.0,2415,6638
1014,2025-10,Home & Garden,132285.04,1198,3325
1014,2025-10,Apparel,118183.23,1387,5203
1014,2025-10,Gas Station,182541.86,3586,9363
1015,2025-10,Grocery,794622.65,9977,29804
1015,2025-10,Fresh Produce,306070.36,3811,9751
1015,2025-10,Meat & Seafood,481876.23,4658,14705
1015,2025-10,Bakery,212523.73,2391,6483
1015,2025-10,Frozen Foods,366077.69,4940,12723
1015,2025-10,Beverages,411684.39,4046,14567
1015,2025-10,Household,484529.86,5125,22888
1015,2025-10,Electronics,289326.13,3381,11790
1015,2025-10,Health & Beauty,224767.73,2116,8270
1015,2025-10,Home & Garden,142212.68,1857,5893
1015,2025-10,Apparel,125712.8,1391,4062
1015,2025-10,Gas Station,198083.47,4091,11897
1016,2025-10,Grocery,930956.77,10326,34964
1016,2025-10,Fresh Produce,299452.34,3253,10154
1016,2025-10,Meat & Seafood,484176.75,4887,17927
1016,2025-10,Bakery,220587.75,2490,8230
1016,2025-10,Frozen Foods,341969.56,3931,12365
1016,2025-10,Beverages,439497.49,5257,22071
1016,2025-10,Household,499127.57,5138,22675
1016,2025-10,Electronics,281758.95,3458,10758
1016,2025-10,Health & Beauty,231817.43,2924,10361
1016,2025-10,Home & Garden,131034.95,1419,5001
1016,2025-10,Apparel,129113.13,1560,5673
1016,2025-10,Gas Station,195661.21,4476,19831
1017,2025-10,Grocery,613737.26,8490,24868
1017,2025-10,Fresh Produce,211519.46,2750,11588
1017,2025-10,Meat & Seafood,353780.23,4578,14115
1017,2025-10,Bakery,134200.08,1402,4165
1017,2025-10,Frozen Foods,247513.81,3232,8321
1017,2025-10,Beverages,324816.54,3086,7762
1017,2025-10,Household,387650.81,5130,19519
1017,2025-10,Electronics,201013.46,2200,6588
1017,2025-10,Health & Beauty,159502.48,1839,7427
1017,2025-10,Home & Garden,89502.12,956,2448
1017,2025-10,Apparel,91904.02,956,2691
1017,2025-10,Gas Station,150329.29,2982,8978
1018,2025-10,Grocery,937134.22,12236,39793
1018,2025-10,Fresh Produce,311999.57,4326,16253
1018,2025-10,Meat & Seafood,432881.32,5063,18847
1018,2025-10,Bakery,223103.73,2340,6247
1018,2025-10,Frozen Foods,343209.37,4400,14092
1018,2025-10,Beverages,450206.9,6381,21244
1018,2025-10,Household,552918.7,6337,17426
1018,2025-10,Electronics,313293.92,3664,14359
1018,2025-10,Health & Beauty,209082.24,2588,10702
1018,2025-10,Home & Garden,142979.24,1702,5369
1018,2025-10,Apparel,140392.92,1562,4803
1018,2025-10,Gas Station,229621.35,5151,18999
1019,2025-10,Grocery,624167.47,7472,27197
1019,2025-10,Fresh Produce,242066.46,2567,8621
1019,2025-10,Meat & Seafood,361940.35,4482,17698
1019,2025-10,Bakery,168525.63,2336,6125
1019,2025-10,Frozen Foods,256729.55,3652,12559
1019,2025-10,Beverages,338923.45,3914,11737
1019,2025-10,Household,396161.96,4639,19114
1019,2025-10,Electronics,231460.21,2455,8853
1019,2025-10,Health & Beauty,178732.56,2166,6312
1019,2025-10,Home & Garden,107342.08,1138,3506
1019,2025-10,Apparel,98246.58,1206,3284
1019,2025-10,Gas Station,147031.73,3623,10134
1020,2025-10,Grocery,747732.16,7243,24546
1020,2025-10,Fresh Produce,256434.79,3055,13541
1020,2025-10,Meat & Seafood,380742.92,4316,18790
1020,2025-10,Bakery,183964.38,1992,6547
1020,2025-10,Frozen Foods,307349.11,3580,14519
1020,2025-10,Beverages,363184.41,5136,16197
1020,2025-10,Household,467123.08,5753,17021
1020,2025-10,Electronics,269335.1,3588,12835
1020,2025-10,Health & Beauty,184327.5,1938,5688
1020,2025-10,Home & Garden,114654.72,1390,5446
1020,2025-10,Apparel,119551.48,1305,4468
1020,2025-10,Gas Station,173272.31,3984,12095
1021,2025-10,Grocery,972371.03,10378,43241
1021,2025-10,Fresh Produce,350400.26,4085,12453
1021,2025-10,Meat & Seafood,537878.53,6503,23276
1021,2025-10,Bakery,241619.67,2572,9432
1021,2025-10,Frozen Foods,386997.38,4836,13262
1021,2025-10,Beverages,461916.87,5560,20687
1021,2025-10,Household,566329.36,6154,20298
1021,2025-10,Electronics,353876.66,5102,15252
1021,2025-10,Health & Beauty,247963.07,2780,7636
1021,2025-10,Home & Garden,162895.13,1917,7470
1021,2025-10,Apparel,156991.21,2199,6287
1021,2025-10,Gas Station,212035.9,4328,19069
1022,2025-10,Grocery,770060.2,9148,28976
1022,2025-10,Fresh Produce,307884.16,3425,9691
1022,2025-10,Meat & Seafood,471505.32,6065,25824
1022,2025-10,Bakery,223892.77,2680,10906
1022,2025-10,Frozen Foods,327168.62,3836,10893
1022,2025-10,Beverages,421353.78,4738,17513
1022,2025-10,Household,523913.19,5259,20851
1022,2025-10,Electronics,261201.75,3503,8857
1022,2025-10,Health & Beauty,198853.99,2061,8239
1022,2025-10,Home & Garden,126284.58,1639,6354
1022,2025-10,Apparel,116599.99,1519,5054
1022,2025-10,Gas Station,215341.62,5272,13851
1023,2025-10,Grocery,571604.1,6802,21717
1023,2025-10,Fresh Produce,212151.55,2523,7678
1023,2025-10,Meat & Seafood,302124.59,3621,12842
1023,2025-10,Bakery,143145.03,1852,6912
1023,2025-10,Frozen Foods,230525.77,2848,11083
1023,2025-10,Beverages,309928.77,4071,16721
1023,2025-10,Household,328815.32,4028,16652
1023,2025-10,Electronics,201762.45,2553,7562
1023,2025-10,Health & Beauty,147877.73,1529,5882
1023,2025-10,Home & Garden,96165.94,1012,3315
1023,2025-10,Apparel,84122.14,1027,2799
1023,2025-10,Gas Station,130983.47,3452,14129
1024,2025-10,Grocery,690975.62,7042,18183
1024,2025-10,Fresh Produce,291677.62,3320,14612
1024,2025-10,Meat & Seafood,414115.65,4594,14127
1024,2025-10,Bakery,197007.2,2312,9403
1024,2025-10,Frozen Foods,308040.34,4021,15712
1024,2025-10,Beverages,380425.96,4819,13030
1024,2025-10,Household,462602.33,4569,19549
1024,2025-10,Electronics,271469.83,2989,8471
1024,2025-10,Health & Beauty,204230.14,2000,8942
1024,2025-10,Home & Garden,117518.64,1609,4593
1024,2025-10,Apparel,113770.19,1333,5107
1024,2025-10,Gas Station,180102.53,4400,14819
1025,2025-10,Grocery,675415.9,7748,25673
1025,2025-10,Fresh Produce,231038.94,2643,10800
1025,2025-10,Meat & Seafood,378044.28,4121,18102
1025,2025-10,Bakery,172083.91,1962,6449
1025,2025-10,Frozen Foods,248682.57,2481,10892
1025,2025-10,Beverages,320465.31,3297,8408
1025,2025-10,Household,398776.52,4756,14152
1025,2025-10,Electronics,212276.37,2450,8363
1025,2025-10,Health & Beauty,164944.33,1725,6846
1025,2025-10,Home & Garden,96874.72,1177,3775
1025,2025-10,Apparel,104262.19,1443,4002
1025,2025-10,Gas Station,155466.12,3873,10940
1001,2025-11,Grocery,912909.21,8858,34562
1001,2025-11,Fresh Produce,310122.7,3921,13951
1001,2025-11,Meat & Seafood,489459.58,4976,18316
1001,2025-11,Bakery,222149.79,2494,7699
1001,2025-11,Frozen Foods,358453.23,3543,12441
1001,2025-11,Beverages,493914.26,6031,24302
1001,2025-11,Household,558439.35,7545,33193
1001,2025-11,Electronics,539236.37,4679,12427
1001,2025-11,Health & Beauty,231026.44,2641,6940
1001,2025-11,Home & Garden,151230.33,1992,6600
1001,2025-11,Apparel,139635.36,1732,5904
1001,2025-11,Gas Station,224747.32,5441,23822
1002,2025-11,Grocery,1248980.94,14961,43985
1002,2025-11,Fresh Produce,431836.48,4976,17415
1002,2025-11,Meat & Seafood,650797.95,8267,22788
1002,2025-11,Bakery,305581.8,3328,9411
1002,2025-11,Frozen Foods,517045.35,5774,18869
1002,2025-11,Beverages,615421.8,9022,35520
1002,2025-11,Household,687781.66,8765,24073
1002,2025-11,Electronics,751725.43,8397,30869
1002,2025-11,Health & Beauty,283392.41,2968,12499
1002,2025-11,Home & Garden,198604.17,2571,9124
1002,2025-11,Apparel,189478.41,2391,7891
1002,2025-11,Gas Station,293000.89,6415,18201
1003,2025-11,Grocery,873196.03,11090,35576
1003,2025-11,Fresh Produce,311010.77,3312,8287
1003,2025-11,Meat & Seafood,492173.04,6610,18508
1003,2025-11,Bakery,208545.82,2088,5531
1003,2025-11,Frozen Foods,346494.28,4282,13365
1003,2025-11,Beverages,435425.03,5411,20567
1003,2025-11,Household,521696.57,5530,19273
1003,2025-11,Electronics,532931.72,5964,24462
1003,2025-11,Health & Beauty,192183.62,2098,9044
1003,2025-11,Home & Garden,137978.53,1751,6381
1003,2025-11,Apparel,130316.22,1547,5648
1003,2025-11,Gas Station,197777.69,4329,14800
1004,2025-11,Grocery,1019528.0,12851,47079
1004,2025-11,Fresh Produce,388239.61,3853,10578
1004,2025-11,Meat & Seafood,590068.63,6829,20822
1004,2025-11,Bakery,280573.57,3269,11586
1004,2025-11,Frozen Foods,453350.61,5377,23348
1004,2025-11,Beverages,579740.23,7163,29877
1004,2025-11,Household,647897.4,7658,34058
1004,2025-11,Electronics,579385.17,6392,21029
1004,2025-11,Health & Beauty,253323.09,2847,8981
1004,2025-11,Home & Garden,185856.29,2206,7842
1004,2025-11,Apparel,166668.23,1564,4266
1004,2025-11,Gas Station,265460.82,5456,23651
1005,2025-11,Grocery,685583.21,6939,29395
1005,2025-11,Fresh Produce,245210.5,2540,10098
1005,2025-11,Meat & Seafood,363780.1,4078,11457
1005,2025-11,Bakery,165031.43,2150,6084
1005,2025-11,Frozen Foods,258883.72,2514,10454
1005,2025-11,Beverages,342812.22,3700,12700
1005,2025-11,Household,412036.22,5398,20246
1005,2025-11,Electronics,403453.69,4960,22145
1005,2025-11,Health & Beauty,171036.19,2074,7706
1005,2025-11,Home & Garden,120351.49,1268,3316
1005,2025-11,Apparel,107132.45,1202,3521
1005,2025-11,Gas Station,149660.46,2916,8385
1006,2025-11,Grocery,984533.2,11497,39510
1006,2025-11,Fresh Produce,365011.19,3525,10625
1006,2025-11,Meat & Seafood,476484.95,5266,19187
1006,2025-11,Bakery,246879.58,3254,9793
1006,2025-11,Frozen Foods,361674.95,4604,12894
1006,2025-11,Beverages,494833.93,4833,13455
1006,2025-11,Household,588397.19,7180,22159
1006,2025-11,Electronics,520071.17,5948,19167
1006,2025-11,Health & Beauty,250505.93,2829,7879
1006,2025-11,Home & Garden,152530.42,1845,7252
1006,2025-11,Apparel,157055.26,1763,6509
1006,2025-11,Gas Station,218736.25,5082,14490
1007,2025-11,Grocery,919186.12,10927,38274
1007,2025-11,Fresh Produce,347050.6,4734,13447
1007,2025-11,Meat & Seafood,540247.73,6048,21378
1007,2025-11,Bakery,255340.49,3121,12476
1007,2025-11,Frozen Foods,393696.09,5716,18800
1007,2025-11,Beverages,476996.15,5523,21321
1007,2025-11,Household,600422.18,8113,33023
1007,2025-11,Electronics,584779.19,7819,27323
1007,2025-11,Health & Beauty,233902.78,2855,10287
1007,2025-11,Home & Garden,146468.06,1690,5973
1007,2025-11,Apparel,134630.37,1663,5385
1007,2025-11,Gas Station,229804.13,5580,15356
1008,2025-11,Grocery,1089323.22,11290,32639
1008,2025-11,Fresh Produce,398796.29,5012,15440
1008,2025-11,Meat & Seafood,606277.91,6099,21520
1008,2025-11,Bakery,289178.43,2963,11691
1008,2025-11,Frozen Foods,479456.68,4622,16198
1008,2025-11,Beverages,582495.45,6284,25782
1008,2025-11,Household,632202.71,8282,36056
1008,2025-11,Electronics,620447.34,7064,23427
1008,2025-11,Health & Beauty,294340.44,3625,11647
1008,2025-11,Home & Garden,186334.29,1905,8272
1008,2025-11,Apparel,173688.63,1936,6685
1008,2025-11,Gas Station,268632.54,6824,22209
1009,2025-11,Grocery,1027169.44,11568,34227
1009,2025-11,Fresh Produce,328775.03,4079,11834
1009,2025-11,Meat & Seafood,529548.43,6022,27039
1009,2025-11,Bakery,270514.37,2987,9694
1009,2025-11,Frozen Foods,419918.48,4903,13765
1009,2025-11,Beverages,548750.61,6757,23352
1009,2025-11,Household,585397.01,7428,25094
1009,2025-11,Electronics,644151.16,8538,26862
1009,2025-11,Health & Beauty,243830.64,3057,11174
1009,2025-11,Home & Garden,170491.29,1763,6912
1009,2025-11,Apparel,147738.08,1703,7539
1009,2025-11,Gas Station,229642.04,4244,16582
1010,2025-11,Grocery,797923.34,8351,25742
1010,2025-11,Fresh Produce,277480.23,3375,12141
1010,2025-11,Meat & Seafood,442240.9,5804,22444
1010,2025-11,Bakery,203311.68,2204,5928
1010,2025-11,Frozen Foods,301378.22,3796,11670
1010,2025-11,Beverages,403966.13,4514,15859
1010,2025-11,Household,473287.25,5643,21459
1010,2025-11,Electronics,565399.14,6037,25147
1010,2025-11,Health & Beauty,193829.79,2167,7809
1010,2025-11,Home & Garden,130913.28,1644,6845
1010,2025-11,Apparel,123273.81,1685,6394
1010,2025-11,Gas Station,201779.71,3396,11935
1011,2025-11,Grocery,948867.15,11312,43774
1011,2025-11,Fresh Produce,312928.15,3646,9685
1011,2025-11,Meat & Seafood,488036.43,5917,15594
1011,2025-11,Bakery,214683.76,2459,10568
1011,2025-11,Frozen Foods,359581.47,4424,12953
1011,2025-11,Beverages,446100.85,4814,13982
1011,2025-11,Household,531554.47,6939,17690
1011,2025-11,Electronics,503636.28,5507,22236
1011,2025-11,Health & Beauty,217065.1,2720,8379
1011,2025-11,Home & Garden,140689.83,1964,8177
1011,2025-11,Apparel,128720.24,1654,4525
1011,2025-11,Gas Station,206447.64,4148,11210
1012,2025-11,Grocery,1087937.53,12447,55526
1012,2025-11,Fresh Produce,391346.93,4488,15794
1012,2025-11,Meat & Seafood,540596.02,6423,19508
1012,2025-11,Bakery,277308.88,3356,12154
1012,2025-11,Frozen Foods,408711.13,4286,16445
1012,2025-11,Beverages,530908.25,7180,28814
1012,2025-11,Household,594563.28,6303,24006
1012,2025-11,Electronics,658647.78,7288,30631
1012,2025-11,Health & Beauty,240429.59,3172,11857
1012,2025-11,Home & Garden,181281.77,2435,9103
1012,2025-11,Apparel,153765.91,1863,6026
1012,2025-11,Gas Station,226946.32,5368,23921
1013,2025-11,Grocery,881823.77,10665,27340
1013,2025-11,Fresh Produce,369013.78,4063,10736
1013,2025-11,Meat & Seafood,521135.84,6304,18243
1013,2025-11,Bakery,245976.48,3253,13920
1013,2025-11,Frozen Foods,395414.16,5093,17905
1013,2025-11,Beverages,480190.17,5289,16840
1013,2025-11,Household,563759.63,6291,25075
1013,2025-11,Electronics,555307.6,5027,16274
1013,2025-11,Health & Beauty,236011.16,2711,10164
1013,2025-11,Home & Garden,143732.83,1798,4979
1013,2025-11,Apparel,144023.74,1794,7427
1013,2025-11,Gas Station,244325.62,5676,21306
1014,2025-11,Grocery,983754.19,11902,46764
1014,2025-11,Fresh Produce,317002.81,3799,15989
1014,2025-11,Meat & Seafood,582476.97,6594,17529
1014,2025-11,Bakery,264601.25,3104,11385
1014,2025-11,Frozen Foods,357416.27,4088,12751
1014,2025-11,Beverages,458617.5,5788,21667
1014,2025-11,Household,591133.37,7008,18371
1014,2025-11,Electronics,579761.06,6147,21847
1014,2025-11,Health & Beauty,215162.99,2512,7881
1014,2025-11,Home & Garden,152091.57,1855,5232
1014,2025-11,Apparel,148791.56,1530,6306
1014,2025-11,Gas Station,218022.61,4597,13415
1015,2025-11,Grocery,934460.3,11461,50605
1015,2025-11,Fresh Produce,341724.91,3571,12941
1015,2025-11,Meat & Seafood,473262.05,6878,21975
1015,2025-11,Bakery,237373.4,2875,11908
1015,2025-11,Frozen Foods,399788.88,5133,17200
1015,2025-11,Beverages,439531.69,6366,24455
1015,2025-11,Household,548921.41,7309,30994
1015,2025-11,Electronics,523239.95,7130,28621
1015,2025-11,Health & Beauty,213433.64,2369,6437
1015,2025-11,Home & Garden,137292.87,1821,6777
1015,2025-11,Apparel,138723.22,1662,6930
1015,2025-11,Gas Station,200953.96,4854,19752
1016,2025-11,Grocery,1118297.68,13615,58014
1016,2025-11,Fresh Produce,346010.92,4689,13453
1016,2025-11,Meat & Seafood,534322.99,6697,26057
1016,2025-11,Bakery,245989.21,2610,9903
1016,2025-11,Frozen Foods,400927.87,6098,20546
1016,2025-11,Beverages,504018.1,5960,26701
1016,2025-11,Household,600810.09,7112,26171
1016,2025-11,Electronics,604139.26,7069,30742
1016,2025-11,Health & Beauty,257235.89,2970,13138
1016,2025-11,Home & Garden,157934.09,1702,4256
1016,2025-11,Apparel,157049.96,1915,7570
1016,2025-11,Gas Station,257080.27,5432,19444
1017,2025-11,Grocery,604754.76,8137,31353
1017,2025-11,Fresh Produce,248044.93,3303,8551
1017,2025-11,Meat & Seafood,360651.74,4204,12947
1017,2025-11,Bakery,170683.99,2290,7899
1017,2025-11,Frozen Foods,267743.6,3149,11848
1017,2025-11,Beverages,369159.11,4160,12507
1017,2025-11,Household,384464.95,4140,10671
1017,2025-11,Electronics,442694.72,4032,14559
1017,2025-11,Health & Beauty,165295.05,1759,4950
1017,2025-11,Home & Garden,110806.19,1347,3967
1017,2025-11,Apparel,97117.44,1220,3836
1017,2025-11,Gas Station,165354.63,3935,16545
1018,2025-11,Grocery,913281.68,10575,34356
1018,2025-11,Fresh Produce,334772.51,3982,12288
1018,2025-11,Meat & Seafood,527226.74,6139,17130
1018,2025-11,Bakery,223385.14,2341,5993
1018,2025-11,Frozen Foods,343431.48,4302,14013
1018,2025-11,Beverages,450392.51,6041,17854
1018,2025-11,Household,573298.58,6403,18319
1018,2025-11,Electronics,561604.9,6127,15802
1018,2025-11,Health & Beauty,236640.83,2886,8096
1018,2025-11,Home & Garden,152679.59,1573,5054
1018,2025-11,Apparel,143055.06,1937,6521
1018,2025-11,Gas Station,222534.5,5160,17034
1019,2025-11,Grocery,962951.66,12988,42157
1019,2025-11,Fresh Produce,352895.65,3566,13766
1019,2025-11,Meat & Seafood,503380.8,5812,16815
1019,2025-11,Bakery,238988.28,2564,8843
1019,2025-11,Frozen Foods,352145.21,3714,10158
1019,2025-11,Beverages,443782.82,4393,11211
1019,2025-11,Household,542350.48,6051,21750
1019,2025-11,Electronics,549488.4,6741,21939
1019,2025-11,Health & Beauty,235594.54,3026,10288
1019,2025-11,Home & Garden,152020.78,1735,4811
1019,2025-11,Apparel,134081.0,1552,4621
1019,2025-11,Gas Station,234162.64,4747,13714
1020,2025-11,Grocery,792399.54,9629,34892
1020,2025-11,Fresh Produce,301903.65,3627,11953
1020,2025-11,Meat & Seafood,442835.92,5378,21005
1020,2025-11,Bakery,205629.23,2829,10048
1020,2025-11,Frozen Foods,311501.11,3492,10172
1020,2025-11,Beverages,432669.77,4774,14365
1020,2025-11,Household,481144.35,6746,28811
1020,2025-11,Electronics,476295.05,4742,12771
1020,2025-11,Health & Beauty,202186.22,1878,7447
1020,2025-11,Home & Garden,124991.03,1376,5178
1020,2025-11,Apparel,118601.5,1064,4439
1020,2025-11,Gas Station,212075.77,4706,17946
1021,2025-11,Grocery,1224709.74,14135,63305
1021,2025-11,Fresh Produce,405886.03,4953,20732
1021,2025-11,Meat & Seafood,584373.63,5640,15004
1021,2025-11,Bakery,307022.15,3211,14198
1021,2025-11,Frozen Foods,451889.15,5836,19678
1021,2025-11,Beverages,603263.14,6872,20749
1021,2025-11,Household,676183.23,5574,18766
1021,2025-11,Electronics,659385.31,8008,24798
1021,2025-11,Health & Beauty,289378.48,2937,10083
1021,2025-11,Home & Garden,190849.14,2305,6984
1021,2025-11,Apparel,161686.7,1840,6356
1021,2025-11,Gas Station,262330.8,6798,25108
1022,2025-11,Grocery,960571.38,11187,45141
1022,2025-11,Fresh Produce,363599.29,4148,13647
1022,2025-11,Meat & Seafood,530966.88,6323,24041
1022,2025-11,Bakery,261184.98,2475,8877
1022,2025-11,Frozen Foods,367132.53,4433,17275
1022,2025-11,Beverages,464153.48,5617,22697
1022,2025-11,Household,576070.05,8194,26258
1022,2025-11,Electronics,542428.62,6355,20315
1022,2025-11,Health & Beauty,231638.5,2918,8836
1022,2025-11,Home & Garden,149832.58,1860,5564
1022,2025-11,Apparel,156740.9,2013,5895
1022,2025-11,Gas Station,240471.95,6227,20127
1023,2025-11,Grocery,847961.71,12212,34950
1023,2025-11,Fresh Produce,332884.89,3048,10430
1023,2025-11,Meat & Seafood,547539.59,7105,29395
1023,2025-11,Bakery,231440.53,3109,8038
1023,2025-11,Frozen Foods,387636.42,4516,14159
1023,2025-11,Beverages,504067.4,5516,22866
1023,2025-11,Household,520532.4,5270,14416
1023,2025-11,Electronics,592084.22,6780,18853
1023,2025-11,Health & Beauty,224720.06,2360,9471
1023,2025-11,Home & Garden,150875.03,1889,5439
1023,2025-11,Apparel,135176.46,1443,5290
1023,2025-11,Gas Station,234318.67,5204,14557
1024,2025-11,Grocery,817655.66,9577,32314
1024,2025-11,Fresh Produce,308607.79,3510,12952
1024,2025-11,Meat & Seafood,467471.08,5724,22176
1024,2025-11,Bakery,215455.53,3341,8784
1024,2025-11,Frozen Foods,377355.77,3829,13617
1024,2025-11,Beverages,402757.87,4006,14465
1024,2025-11,Household,512221.7,5412,18368
1024,2025-11,Electronics,496486.74,6056,15933
1024,2025-11,Health & Beauty,221080.26,2762,8658
1024,2025-11,Home & Garden,131001.22,1543,6039
1024,2025-11,Apparel,118793.13,1449,6122
1024,2025-11,Gas Station,212363.15,5073,20263
1025,2025-11,Grocery,803819.55,10380,35905
1025,2025-11,Fresh Produce,288373.4,2714,11023
1025,2025-11,Meat & Seafood,417182.18,4664,15571
1025,2025-11,Bakery,213576.86,1886,7717
1025,2025-11,Frozen Foods,325845.81,4109,11884
1025,2025-11,Beverages,391644.07,4621,14875
1025,2025-11,Household,520803.38,5607,24797
1025,2025-11,Electronics,502629.83,5813,18166
1025,2025-11,Health & Beauty,193914.15,2294,6357
1025,2025-11,Home & Garden,131223.69,1445,5318
1025,2025-11,Apparel,111232.43,1464,5464
1025,2025-11,Gas Station,177905.61,3954,12503
1001,2025-12,Grocery,1154323.57,13168,35254
1001,2025-12,Fresh Produce,375277.68,4324,12014
1001,2025-12,Meat & Seafood,619861.29,6954,25549
1001,2025-12,Bakery,275147.16,3967,16421
1001,2025-12,Frozen Foods,422723.02,5211,19216
1001,2025-12,Beverages,564649.05,8307,28755
1001,2025-12,Household,658080.6,8345,25240
1001,2025-12,Electronics,674289.38,6739,22332
1001,2025-12,Health & Beauty,261470.37,3047,8462
1001,2025-12,Home & Garden,186910.9,2014,5228
1001,2025-12,Apparel,172616.41,1815,7412
1001,2025-12,Gas Station,265052.24,5411,23866
1002,2025-12,Grocery,1161647.98,12339,46490
1002,2025-12,Fresh Produce,433088.85,4519,15753
1002,2025-12,Meat & Seafood,679605.58,8182,25287
1002,2025-12,Bakery,290940.29,3621,9999
1002,2025-12,Frozen Foods,429774.35,4640,16152
1002,2025-12,Beverages,583755.81,6422,18713
1002,2025-12,Household,701080.15,7291,28086
1002,2025-12,Electronics,644284.9,5828,19823
1002,2025-12,Health & Beauty,297720.9,4100,16027
1002,2025-12,Home & Garden,208582.19,2165,9216
1002,2025-12,Apparel,174960.66,2189,9401
1002,2025-12,Gas Station,278905.21,6282,17271
1003,2025-12,Grocery,857229.83,9276,25000
1003,2025-12,Fresh Produce,286853.55,3507,14681
1003,2025-12,Meat & Seafood,475669.13,5978,22299
1003,2025-12,Bakery,214608.78,2544,11099
1003,2025-12,Frozen Foods,355017.31,4000,13981
1003,2025-12,Beverages,455158.07,5524,14136
1003,2025-12,Household,545857.27,6109,25217
1003,2025-12,Electronics,509809.52,6170,24135
1003,2025-12,Health & Beauty,219560.86,2458,7350
1003,2025-12,Home & Garden,135652.3,1863,8332
1003,2025-12,Apparel,141204.9,1846,5974
1003,2025-12,Gas Station,204210.78,5327,13509
1004,2025-12,Grocery,1548936.25,16857,62670
1004,2025-12,Fresh Produce,527979.82,5858,25567
1004,2025-12,Meat & Seafood,850645.41,10903,48010
1004,2025-12,Bakery,360049.26,4039,11462
1004,2025-12,Frozen Foods,661880.0,9567,30249
1004,2025-12,Beverages,728436.4,7629,25971
1004,2025-12,Household,913597.2,10370,37853
1004,2025-12,Electronics,931646.4,10461,33712
1004,2025-12,Health & Beauty,367285.83,4745,13250
1004,2025-12,Home & Garden,231562.26,2837,12702
1004,2025-12,Apparel,210935.65,2440,6310
1004,2025-12,Gas Station,348287.01,7945,28411
1005,2025-12,Grocery,796872.4,10412,37336
1005,2025-12,Fresh Produce,283607.47,3704,15757
1005,2025-12,Meat & Seafood,441994.79,4287,18182
1005,2025-12,Bakery,191179.9,1912,8453
1005,2025-12,Frozen Foods,281513.08,3253,10416
1005,2025-12,Beverages,385750.67,4642,16336
1005,2025-12,Household,456249.75,5283,13838
1005,2025-12,Electronics,467229.45,6223,27987
1005,2025-12,Health & Beauty,193188.76,2362,8099
1005,2025-12,Home & Garden,123145.05,1274,3586
1005,2025-12,Apparel,118618.76,1376,4381
1005,2025-12,Gas Station,184746.84,3641,13488
1006,2025-12,Grocery,935612.79,10887,36688
1006,2025-12,Fresh Produce,367759.76,4753,20254
1006,2025-12,Meat & Seafood,500261.35,5633,15625
1006,2025-12,Bakery,237449.07,2707,7481
1006,2025-12,Frozen Foods,411656.74,4934,20743
1006,2025-12,Beverages,429876.1,4511,12709
1006,2025-12,Household,590774.26,6437,25819
1006,2025-12,Electronics,572760.89,5601,19705
1006,2025-12,Health & Beauty,227745.21,2832,11624
1006,2025-12,Home & Garden,167138.45,2209,8600
1006,2025-12,Apparel,148299.03,1909,5803
1006,2025-12,Gas Station,239353.17,5434,22889
1007,2025-12,Grocery,953629.66,10017,34730
1007,2025-12,Fresh Produce,331961.07,3409,12797
1007,2025-12,Meat & Seafood,564448.92,6991,29242
1007,2025-12,Bakery,270371.52,3289,11461
1007,2025-12,Frozen Foods,399400.18,4860,13148
1007,2025-12,Beverages,555988.3,5830,17268
1007,2025-12,Household,645900.83,7784,23462
1007,2025-12,Electronics,550372.55,7060,25130
1007,2025-12,Health & Beauty,237067.41,3161,14189
1007,2025-12,Home & Garden,171551.39,2068,8169
1007,2025-12,Apparel,149235.46,1807,5321
1007,2025-12,Gas Station,253682.99,5613,16250
1008,2025-12,Grocery,1048106.7,13295,40020
1008,2025-12,Fresh Produce,387643.98,3977,14962
1008,2025-12,Meat & Seafood,582853.59,6840,26062
1008,2025-12,Bakery,252849.7,2653,7488
1008,2025-12,Frozen Foods,432338.42,5610,24213
1008,2025-12,Beverages,549363.81,5352,13681
1008,2025-12,Household,610984.17,8647,35719
1008,2025-12,Electronics,619379.74,7361,28148
1008,2025-12,Health & Beauty,243746.69,2377,9728
1008,2025-12,Home & Garden,174245.38,2021,6573
1008,2025-12,Apparel,163905.4,1871,4784
1008,2025-12,Gas Station,274651.87,6023,17508
1009,2025-12,Grocery,1065649.02,12900,37565
1009,2025-12,Fresh Produce,368088.27,4733,17256
1009,2025-12,Meat & Seafood,669834.3,8963,38149
1009,2025-12,Bakery,268966.01,3357,11538
1009,2025-12,Frozen Foods,465359.58,4614,13001
1009,2025-12,Beverages,549275.51,6457,28303
1009,2025-12,Household,723528.03,8835,39727
1009,2025-12,Electronics,709459.39,7572,32362
1009,2025-12,Health & Beauty,314482.91,4078,13519
1009,2025-12,Home & Garden,175023.8,2394,8267
1009,2025-12,Apparel,169086.73,1982,5573
1009,2025-12,Gas Station,282611.37,6750,27536
1010,2025-12,Grocery,929852.17,11011,34665
1010,2025-12,Fresh Produce,353341.88,4245,12792
1010,2025-12,Meat & Seafood,507450.68,6384,23271
1010,2025-12,Bakery,244761.81,2827,10648
1010,2025-12,Frozen Foods,404548.23,4855,18108
1010,2025-12,Beverages,510384.03,6381,17077
1010,2025-12,Household,596398.15,6288,27160
1010,2025-12,Electronics,537500.68,5682,14609
1010,2025-12,Health & Beauty,234370.86,3017,10113
1010,2025-12,Home & Garden,147705.64,1885,5144
1010,2025-12,Apparel,146749.32,1598,5031
1010,2025-12,Gas Station,241932.88,5941,15579
1011,2025-12,Grocery,876892.56,10283,42566
1011,2025-12,Fresh Produce,343250.32,3104,7942
1011,2025-12,Meat & Seafood,505657.02,5699,22987
1011,2025-12,Bakery,243912.05,3126,8469
1011,2025-12,Frozen Foods,354243.77,4402,11867
1011,2025-12,Beverages,474518.15,5744,22593
1011,2025-12,Household,591485.96,7235,27495
1011,2025-12,Electronics,605569.17,7549,23707
1011,2025-12,Health & Beauty,221963.98,2425,6303
1011,2025-12,Home & Garden,124816.13,1345,3571
1011,2025-12,Apparel,136980.62,1504,3867
1011,2025-12,Gas Station,225596.53,4610,14906
1012,2025-12,Grocery,944722.84,12356,35365
1012,2025-12,Fresh Produce,356858.48,3827,13347
1012,2025-12,Meat & Seafood,524247.08,5991,15029
1012,2025-12,Bakery,234601.73,2591,8519
1012,2025-12,Frozen Foods,376010.1,3673,14362
1012,2025-12,Beverages,506171.51,6472,28304
1012,2025-12,Household,602131.52,6592,24518
1012,2025-12,Electronics,554853.94,6705,16820
1012,2025-12,Health & Beauty,268659.1,3392,10749
1012,2025-12,Home & Garden,153146.03,1786,4964
1012,2025-12,Apparel,144940.04,1682,6322
1012,2025-12,Gas Station,197757.71,5800,14779
1013,2025-12,Grocery,1088537.31,11405,51027
1013,2025-12,Fresh Produce,421335.62,4803,14934
1013,2025-12,Meat & Seafood,606424.59,6867,20914
1013,2025-12,Bakery,309420.05,3931,14739
1013,2025-12,Frozen Foods,426953.08,5453,18083
1013,2025-12,Beverages,555073.14,6590,22838
1013,2025-12,Household,680943.88,8929,32185
1013,2025-12,Electronics,701921.81,7763,24979
1013,2025-12,Health & Beauty,290051.06,3358,13798
1013,2025-12,Home & Garden,183147.46,2334,8077
1013,2025-12,Apparel,172828.62,1744,6747
1013,2025-12,Gas Station,264470.98,5543,15998
1014,2025-12,Grocery,1209467.15,13416,54125
1014,2025-12,Fresh Produce,441105.55,6038,25972
1014,2025-12,Meat & Seafood,605386.48,6848,29710
1014,2025-12,Bakery,280575.43,3292,10696
1014,2025-12,Frozen Foods,478575.19,5624,24571
1014,2025-12,Beverages,525920.05,6028,26060
1014,2025-12,Household,655591.37,8649,28355
1014,2025-12,Electronics,670776.29,8741,39132
1014,2025-12,Health & Beauty,284317.12,3330,11560
1014,2025-12,Home & Garden,188022.94,1973,6875
1014,2025-12,Apparel,163746.82,2050,7323
1014,2025-12,Gas Station,262385.83,5869,23482
1015,2025-12,Grocery,1019531.77,11783,38016
1015,2025-12,Fresh Produce,347647.68,4201,11162
1015,2025-12,Meat & Seafood,562163.59,7326,18327
1015,2025-12,Bakery,237806.27,2879,10176
1015,2025-12,Frozen Foods,390144.17,4023,16579
1015,2025-12,Beverages,509584.73,6239,24720
1015,2025-12,Household,561696.36,5600,15664
1015,2025-12,Electronics,564473.14,6190,16891
1015,2025-12,Health & Beauty,238320.57,3159,11822
1015,2025-12,Home & Garden,166446.18,2025,6354
1015,2025-12,Apparel,149355.8,1736,5399
1015,2025-12,Gas Station,230702.8,5480,18325
1016,2025-12,Grocery,1335296.51,15847,59929
1016,2025-12,Fresh Produce,455492.55,6052,16840
1016,2025-12,Meat & Seafood,630326.99,7333,28450
1016,2025-12,Bakery,308541.76,2961,12247
1016,2025-12,Frozen Foods,557347.59,6992,18557
1016,2025-12,Beverages,666935.69,7736,34631
1016,2025-12,Household,743971.84,9053,25845
1016,2025-12,Electronics,864414.74,8351,23006
1016,2025-12,Health & Beauty,350697.92,3611,14304
1016,2025-12,Home & Garden,203426.95,2386,8982
1016,2025-12,Apparel,196357.3,2058,9139
1016,2025-12,Gas Station,300821.04,8051,25842
1017,2025-12,Grocery,765989.48,8576,27667
1017,2025-12,Fresh Produce,262123.91,2725,7981
1017,2025-12,Meat & Seafood,445233.67,5363,21983
1017,2025-12,Bakery,181216.18,2027,5146
1017,2025-12,Frozen Foods,285011.55,3217,11773
1017,2025-12,Beverages,358920.03,4127,13617
1017,2025-12,Household,462927.9,4875,15740
1017,2025-12,Electronics,439323.01,4679,13797
1017,2025-12,Health & Beauty,184968.75,2152,5441
1017,2025-12,Home & Garden,117632.82,1500,6733
1017,2025-12,Apparel,104667.81,1201,4869
1017,2025-12,Gas Station,170288.96,4238,11141
1018,2025-12,Grocery,1133168.96,12611,48774
1018,2025-12,Fresh Produce,455905.62,5329,17904
1018,2025-12,Meat & Seafood,694827.63,8556,38385
1018,2025-12,Bakery,330548.78,3404,11722
1018,2025-12,Frozen Foods,480162.51,5847,16088
1018,2025-12,Beverages,562636.84,6414,22608
1018,2025-12,Household,718846.01,7857,20600
1018,2025-12,Electronics,755915.2,10563,31569
1018,2025-12,Health & Beauty,311274.92,3674,9602
1018,2025-12,Home & Garden,183849.43,2425,8861
1018,2025-12,Apparel,179372.26,1882,5995
1018,2025-12,Gas Station,291528.58,7076,18847
1019,2025-12,Grocery,1010052.1,14377,59286
1019,2025-12,Fresh Produce,311713.99,3835,11449
1019,2025-12,Meat & Seafood,525494.28,5654,24180
1019,2025-12,Bakery,263176.22,3128,9687
1019,2025-12,Frozen Foods,350573.64,3889,10572
1019,2025-12,Beverages,520387.58,5840,19213
1019,2025-12,Household,617880.27,7792,24509
1019,2025-12,Electronics,564497.64,7371,22203
1019,2025-12,Health & Beauty,234432.86,2589,10289
1019,2025-12,Home & Garden,153020.66,1871,4996
1019,2025-12,Apparel,153415.47,1571,5085
1019,2025-12,Gas Station,249139.62,5718,18966
1020,2025-12,Grocery,963742.6,12375,39441
1020,2025-12,Fresh Produce,365805.84,4568,15405
1020,2025-12,Meat & Seafood,561020.86,6270,24290
1020,2025-12,Bakery,221629.54,2729,7370
1020,2025-12,Frozen Foods,397722.71,4568,17547
1020,2025-12,Beverages,441715.89,5651,21006
1020,2025-12,Household,591773.92,7537,21156
1020,2025-12,Electronics,620812.72,7388,27863
1020,2025-12,Health & Beauty,238648.62,2784,8662
1020,2025-12,Home & Garden,149073.69,1777,4483
1020,2025-12,Apparel,160874.95,1714,6544
1020,2025-12,Gas Station,234823.98,5104,14849
1021,2025-12,Grocery,1201207.24,15411,53916
1021,2025-12,Fresh Produce,460538.04,5293,18912
1021,2025-12,Meat & Seafood,655912.27,7905,20400
1021,2025-12,Bakery,298249.13,3125,12110
1021,2025-12,Frozen Foods,449974.64,5865,22335
1021,2025-12,Beverages,629865.89,8245,31316
1021,2025-12,Household,711894.14,7150,19052
1021,2025-12,Electronics,758582.8,9877,26344
1021,2025-12,Health & Beauty,307868.22,4115,16584
1021,2025-12,Home & Garden,194743.84,2165,8720
1021,2025-12,Apparel,194971.58,2639,11267
1021,2025-12,Gas Station,301632.02,6548,28280
1022,2025-12,Grocery,1046113.69,11209,45843
1022,2025-12,Fresh Produce,402791.54,4807,16902
1022,2025-12,Meat & Seafood,533659.13,6111,16313
1022,2025-12,Bakery,253160.38,3339,10151
1022,2025-12,Frozen Foods,418803.49,4596,17682
1022,2025-12,Beverages,541592.43,6212,26716
1022,2025-12,Household,650780.86,6122,26281
1022,2025-12,Electronics,634021.62,8426,33730
1022,2025-12,Health & Beauty,269141.23,3235,10216
1022,2025-12,Home & Garden,169404.31,2150,7010
1022,2025-12,Apparel,161399.86,2000,8878
1022,2025-12,Gas Station,247284.92,5106,20516
1023,2025-12,Grocery,879451.57,11058,41678
1023,2025-12,Fresh Produce,304752.76,3746,16658
1023,2025-12,Meat & Seafood,503225.49,5066,17413
1023,2025-12,Bakery,238436.85,2723,12224
1023,2025-12,Frozen Foods,368439.88,4596,11743
1023,2025-12,Beverages,423202.01,5439,14975
1023,2025-12,Household,532256.28,5808,26108
1023,2025-12,Electronics,491789.77,6275,18238
1023,2025-12,Health & Beauty,210028.74,2481,8183
1023,2025-12,Home & Garden,140715.74,1664,5576
1023,2025-12,Apparel,134366.65,1500,5982
1023,2025-12,Gas Station,203437.63,4727,15644
1024,2025-12,Grocery,959254.87,12895,44838
1024,2025-12,Fresh Produce,332928.95,3791,17054
1024,2025-12,Meat & Seafood,532459.14,5547,18325
1024,2025-12,Bakery,228770.58,2870,9815
1024,2025-12,Frozen Foods,378487.71,4950,20429
1024,2025-12,Beverages,469456.63,6107,22301
1024,2025-12,Household,569558.86,7150,20664
1024,2025-12,Electronics,550757.53,6704,29984
1024,2025-12,Health & Beauty,235520.08,2503,10777
1024,2025-12,Home & Garden,139518.29,1687,6604
1024,2025-12,Apparel,128005.3,1534,5877
1024,2025-12,Gas Station,218538.15,4565,18083
1025,2025-12,Grocery,814322.56,8921,38563
1025,2025-12,Fresh Produce,272232.1,3331,14703
1025,2025-12,Meat & Seafood,453091.13,5212,20595
1025,2025-12,Bakery,214985.42,2725,9573
1025,2025-12,Frozen Foods,336767.64,4117,13260
1025,2025-12,Beverages,431039.94,4952,17576
1025,2025-12,Household,502903.13,6479,23888
1025,2025-12,Electronics,560113.25,6630,24934
1025,2025-12,Health & Beauty,215726.92,2864,12020
1025,2025-12,Home & Garden,138214.79,1402,3648
1025,2025-12,Apparel,112918.86,1308,4266
1025,2025-12,Gas Station,190691.12,4163,14292
1001,2026-01,Grocery,673879.42,7435,21797
1001,2026-01,Fresh Produce,220886.28,2413,6728
1001,2026-01,Meat & Seafood,351037.81,4493,17553
1001,2026-01,Bakery,141707.63,1660,5660
1001,2026-01,Frozen Foods,218362.38,2962,11846
1001,2026-01,Beverages,340593.34,3523,10608
1001,2026-01,Household,390278.52,5378,14454
1001,2026-01,Electronics,208624.64,2469,7685
1001,2026-01,Health & Beauty,160452.66,1851,6420
1001,2026-01,Home & Garden,99892.34,1028,4291
1001,2026-01,Apparel,93028.96,1044,3369
1001,2026-01,Gas Station,150561.93,3130,9852
1002,2026-01,Grocery,627759.81,6767,27035
1002,2026-01,Fresh Produce,237134.96,2856,10062
1002,2026-01,Meat & Seafood,343975.25,3783,16366
1002,2026-01,Bakery,148215.94,1692,4987
1002,2026-01,Frozen Foods,242653.83,2953,8601
1002,2026-01,Beverages,312714.83,4017,11464
1002,2026-01,Household,392749.92,4113,10496
1002,2026-01,Electronics,191132.97,2179,7809
1002,2026-01,Health & Beauty,149486.24,1973,5074
1002,2026-01,Home & Garden,95650.35,1083,3417
1002,2026-01,Apparel,83963.12,1013,4106
1002,2026-01,Gas Station,148781.5,2884,8819
1003,2026-01,Grocery,535706.78,6080,25603
1003,2026-01,Fresh Produce,204338.27,2230,9604
1003,2026-01,Meat & Seafood,304614.08,3687,9429
1003,2026-01,Bakery,132893.91,1629,5181
1003,2026-01,Frozen Foods,216762.6,2750,9329
1003,2026-01,Beverages,252546.18,3228,11528
1003,2026-01,Household,323275.83,4244,12860
1003,2026-01,Electronics,172931.46,2001,8830
1003,2026-01,Health & Beauty,128383.75,1449,4599
1003,2026-01,Home & Garden,80295.93,912,3702
1003,2026-01,Apparel,85232.02,1051,4379
1003,2026-01,Gas Station,134851.23,2859,11439
1004,2026-01,Grocery,826922.88,10453,35434
1004,2026-01,Fresh Produce,281128.63,3711,16355
1004,2026-01,Meat & Seafood,445900.25,4935,20009
1004,2026-01,Bakery,221025.58,2549,11097
1004,2026-01,Frozen Foods,313191.33,4086,14806
1004,2026-01,Beverages,406747.11,5195,20070
1004,2026-01,Household,465127.72,5420,14185
1004,2026-01,Electronics,279843.71,3461,9371
1004,2026-01,Health & Beauty,205206.85,2692,10886
1004,2026-01,Home & Garden,140894.25,1754,4495
1004,2026-01,Apparel,115741.45,1239,5450
1004,2026-01,Gas Station,199917.83,4047,10463
1005,2026-01,Grocery,428456.81,5349,23563
1005,2026-01,Fresh Produce,168157.75,1941,8213
1005,2026-01,Meat & Seafood,260031.81,2917,7460
1005,2026-01,Bakery,107891.07,1250,5170
1005,2026-01,Frozen Foods,171819.21,1874,5253
1005,2026-01,Beverages,235008.09,3017,8094
1005,2026-01,Household,268226.01,2881,9911
1005,2026-01,Electronics,154723.39,1710,5219
1005,2026-01,Health & Beauty,108927.25,1218,3241
1005,2026-01,Home & Garden,73060.2,882,3313
1005,2026-01,Apparel,67194.66,728,2130
1005,2026-01,Gas Station,115077.62,2553,9314
1006,2026-01,Grocery,531600.84,5164,14574
1006,2026-01,Fresh Produce,212528.16,2464,6855
1006,2026-01,Meat & Seafood,314968.55,3893,13287
1006,2026-01,Bakery,149445.73,1580,5403
1006,2026-01,Frozen Foods,217137.39,2360,6213
1006,2026-01,Beverages,262885.9,3155,12354
1006,2026-01,Household,333852.93,4406,16911
1006,2026-01,Electronics,206976.85,2207,5588
1006,2026-01,Health & Beauty,142482.5,1572,6360
1006,2026-01,Home & Garden,94942.23,1288,5540
1006,2026-01,Apparel,91365.36,1201,3586
1006,2026-01,Gas Station,147629.05,3421,8780
1007,2026-01,Grocery,588006.83,6956,17854
1007,2026-01,Fresh Produce,209646.59,2573,10190
1007,2026-01,Meat & Seafood,303201.95,3799,14049
1007,2026-01,Bakery,128824.08,1186,3415
1007,2026-01,Frozen Foods,238643.96,2789,8701
1007,2026-01,Beverages,303932.04,3705,14199
1007,2026-01,Household,319678.03,3341,12330
1007,2026-01,Electronics,198239.91,2271,6634
1007,2026-01,Health & Beauty,146104.78,1610,4842
1007,2026-01,Home & Garden,92628.18,1058,3513
1007,2026-01,Apparel,82542.86,1223,3965
1007,2026-01,Gas Station,136650.27,2809,11299
1008,2026-01,Grocery,789127.69,10204,35537
1008,2026-01,Fresh Produce,276324.84,3742,10189
1008,2026-01,Meat & Seafood,427390.37,4758,14242
1008,2026-01,Bakery,210426.57,2265,6382
1008,2026-01,Frozen Foods,321057.94,4193,15036
1008,2026-01,Beverages,366433.65,4378,14762
1008,2026-01,Household,455339.9,5061,21765
1008,2026-01,Electronics,281942.39,3477,12683
1008,2026-01,Health & Beauty,195987.08,2011,8065
1008,2026-01,Home & Garden,124602.93,1422,5134
1008,2026-01,Apparel,115352.39,1333,4387
1008,2026-01,Gas Station,191675.73,3940,16938
1009,2026-01,Grocery,703217.63,8179,20452
1009,2026-01,Fresh Produce,235180.59,2991,8668
1009,2026-01,Meat & Seafood,371600.11,4971,14021
1009,2026-01,Bakery,183348.8,2107,6060
1009,2026-01,Frozen Foods,253347.71,2839,10045
1009,2026-01,Beverages,388689.97,4596,11944
1009,2026-01,Household,389606.28,4430,18662
1009,2026-01,Electronics,243313.59,3152,9862
1009,2026-01,Health & Beauty,178527.43,1999,5094
1009,2026-01,Home & Garden,102298.95,1179,5278
1009,2026-01,Apparel,106914.13,1234,4714
1009,2026-01,Gas Station,164260.25,3317,9994
1010,2026-01,Grocery,576089.6,7358,28246
1010,2026-01,Fresh Produce,209349.75,2019,6461
1010,2026-01,Meat & Seafood,293517.25,3177,10541
1010,2026-01,Bakery,135705.89,1702,7541
1010,2026-01,Frozen Foods,229788.28,2415,6448
1010,2026-01,Beverages,296573.55,3819,16155
1010,2026-01,Household,355156.54,4650,19505
1010,2026-01,Electronics,206011.35,1904,7716
1010,2026-01,Health & Beauty,136056.2,1407,3725
1010,2026-01,Home & Garden,98829.7,1314,4023
1010,2026-01,Apparel,84431.3,1233,3687
1010,2026-01,Gas Station,140298.05,2892,12529
1011,2026-01,Grocery,624446.12,9728,29440
1011,2026-01,Fresh Produce,244789.13,3005,10218
1011,2026-01,Meat & Seafood,341733.45,4321,14889
1011,2026-01,Bakery,166985.4,1719,7557
1011,2026-01,Frozen Foods,243351.21,3063,11380
1011,2026-01,Beverages,305954.45,3935,17554
1011,2026-01,Household,357114.95,4233,16804
1011,2026-01,Electronics,207814.45,2244,5880
1011,2026-01,Health & Beauty,151189.01,1826,6410
1011,2026-01,Home & Garden,96964.62,1164,3544
1011,2026-01,Apparel,104266.93,1077,4205
1011,2026-01,Gas Station,159690.32,3330,14380
1012,2026-01,Grocery,573580.69,6546,28873
1012,2026-01,Fresh Produce,255433.75,2862,10905
1012,2026-01,Meat & Seafood,312247.81,3379,14662
1012,2026-01,Bakery,178689.92,2157,9043
1012,2026-01,Frozen Foods,253261.29,2827,7454
1012,2026-01,Beverages,325594.72,3873,12066
1012,2026-01,Household,372868.19,3908,14991
1012,2026-01,Electronics,220994.22,2684,8898
1012,2026-01,Health & Beauty,160476.93,2167,9430
1012,2026-01,Home & Garden,93231.42,1101,4891
1012,2026-01,Apparel,90872.54,1025,2926
1012,2026-01,Gas Station,164648.93,3535,12703
1013,2026-01,Grocery,696623.2,8196,21230
1013,2026-01,Fresh Produce,283920.01,3517,14694
1013,2026-01,Meat & Seafood,411720.61,5108,14306
1013,2026-01,Bakery,184594.05,2012,6227
1013,2026-01,Frozen Foods,257639.64,3163,10516
1013,2026-01,Beverages,368032.65,4341,15388
1013,2026-01,Household,451766.6,4508,14726
1013,2026-01,Electronics,255430.26,3208,12143
1013,2026-01,Health & Beauty,182588.24,2146,9393
1013,2026-01,Home & Garden,118628.2,1700,6670
1013,2026-01,Apparel,114690.11,1507,5355
1013,2026-01,Gas Station,163621.08,3978,11410
1014,2026-01,Grocery,658218.92,7850,21228
1014,2026-01,Fresh Produce,237355.73,2850,10518
1014,2026-01,Meat & Seafood,352464.39,3727,10283
1014,2026-01,Bakery,175172.23,1946,7351
1014,2026-01,Frozen Foods,279617.69,3609,10905
1014,2026-01,Beverages,354100.73,4577,15647
1014,2026-01,Household,394930.81,5507,17463
1014,2026-01,Electronics,241096.07,2813,9196
1014,2026-01,Health & Beauty,183230.65,1837,7359
1014,2026-01,Home & Garden,105574.57,1475,5233
1014,2026-01,Apparel,109904.79,1350,5619
1014,2026-01,Gas Station,167578.63,4453,14461
1015,2026-01,Grocery,766809.49,8963,37734
1015,2026-01,Fresh Produce,296885.06,3711,9440
1015,2026-01,Meat & Seafood,459534.91,5043,18163
1015,2026-01,Bakery,206195.8,2271,8833
1015,2026-01,Frozen Foods,335314.47,4473,15955
1015,2026-01,Beverages,407105.56,4193,18008
1015,2026-01,Household,463892.61,4239,10935
1015,2026-01,Electronics,264247.8,3419,13751
1015,2026-01,Health & Beauty,201792.22,2270,6567
1015,2026-01,Home & Garden,122489.78,1457,5840
1015,2026-01,Apparel,126736.76,1591,6998
1015,2026-01,Gas Station,199250.44,4293,17919
1016,2026-01,Grocery,817113.92,10255,30163
1016,2026-01,Fresh Produce,280305.14,3313,13902
1016,2026-01,Meat & Seafood,426640.96,5213,18377
1016,2026-01,Bakery,187181.83,2464,9246
1016,2026-01,Frozen Foods,302603.3,3716,10330
1016,2026-01,Beverages,381805.85,5253,22474
1016,2026-01,Household,466279.47,5442,20678
1016,2026-01,Electronics,274062.04,3830,14809
1016,2026-01,Health & Beauty,215092.3,2590,6702
1016,2026-01,Home & Garden,117844.64,1309,3532
1016,2026-01,Apparel,113657.78,1258,5593
1016,2026-01,Gas Station,177399.86,3641,15182
1017,2026-01,Grocery,373358.59,3471,10944
1017,2026-01,Fresh Produce,136867.31,1712,4833
1017,2026-01,Meat & Seafood,217025.02,2626,8369
1017,2026-01,Bakery,95790.94,1274,5487
1017,2026-01,Frozen Foods,160929.8,1768,7885
1017,2026-01,Beverages,211999.19,2227,7792
1017,2026-01,Household,240093.27,2709,10209
1017,2026-01,Electronics,140661.08,1583,6151
1017,2026-01,Health & Beauty,105602.7,1055,3230
1017,2026-01,Home & Garden,59733.53,598,2488
1017,2026-01,Apparel,65442.56,898,4000
1017,2026-01,Gas Station,95002.27,2195,5603
1018,2026-01,Grocery,821450.6,10068,26289
1018,2026-01,Fresh Produce,305245.03,4001,11031
1018,2026-01,Meat & Seafood,435968.21,5023,18966
1018,2026-01,Bakery,216931.99,2447,7868
1018,2026-01,Frozen Foods,323172.38,3798,11588
1018,2026-01,Beverages,443808.78,5675,16943
1018,2026-01,Household,537212.76,6330,20634
1018,2026-01,Electronics,282375.83,2967,10981
1018,2026-01,Health & Beauty,215246.33,2564,8505
1018,2026-01,Home & Garden,135060.39,1391,4272
1018,2026-01,Apparel,128550.33,1305,5652
1018,2026-01,Gas Station,195364.21,4518,18215
1019,2026-01,Grocery,525188.22,6587,28019
1019,2026-01,Fresh Produce,182126.11,2096,6379
1019,2026-01,Meat & Seafood,283676.73,3151,8830
1019,2026-01,Bakery,142352.86,1655,4953
1019,2026-01,Frozen Foods,208106.7,1858,5428
1019,2026-01,Beverages,279334.26,3079,12617
1019,2026-01,Household,338744.58,4476,11232
1019,2026-01,Electronics,189858.66,2254,7078
1019,2026-01,Health & Beauty,139450.93,1776,7646
1019,2026-01,Home & Garden,86517.74,1024,4237
1019,2026-01,Apparel,83155.36,936,2502
1019,2026-01,Gas Station,131557.33,2596,9435
1020,2026-01,Grocery,686597.92,7093,21177
1020,2026-01,Fresh Produce,221345.02,1892,5402
1020,2026-01,Meat & Seafood,359928.81,4683,19825
1020,2026-01,Bakery,159846.46,1779,4511
1020,2026-01,Frozen Foods,265511.48,3304,11762
1020,2026-01,Beverages,340768.8,4170,16969
1020,2026-01,Household,388154.63,4920,16886
1020,2026-01,Electronics,227557.69,2673,11756
1020,2026-01,Health & Beauty,157444.3,1904,5744
1020,2026-01,Home & Garden,111045.25,1263,3588
1020,2026-01,Apparel,96447.24,1000,4353
1020,2026-01,Gas Station,175179.49,3915,12819
1021,2026-01,Grocery,698172.44,8324,29018
1021,2026-01,Fresh Produce,260947.34,3416,13138
1021,2026-01,Meat & Seafood,379199.19,4409,17037
1021,2026-01,Bakery,177072.51,2158,9133
1021,2026-01,Frozen Foods,289251.36,3434,10894
1021,2026-01,Beverages,357276.17,4619,16194
1021,2026-01,Household,465956.53,5730,24519
1021,2026-01,Electronics,254584.14,2723,10194
1021,2026-01,Health & Beauty,168524.28,1963,5034
1021,2026-01,Home & Garden,117398.41,1625,6665
1021,2026-01,Apparel,96381.05,1054,3987
1021,2026-01,Gas Station,179696.6,3876,10895
1022,2026-01,Grocery,634128.66,7649,29158
1022,2026-01,Fresh Produce,237226.47,3166,11465
1022,2026-01,Meat & Seafood,363745.95,4635,13521
1022,2026-01,Bakery,170569.98,1585,4453
1022,2026-01,Frozen Foods,251082.22,3389,10721
1022,2026-01,Beverages,298311.46,3366,13197
1022,2026-01,Household,386636.46,4386,13685
1022,2026-01,Electronics,209316.3,2357,6914
1022,2026-01,Health & Beauty,157193.79,1930,8467
1022,2026-01,Home & Garden,105074.59,1227,3606
1022,2026-01,Apparel,95396.79,1193,3111
1022,2026-01,Gas Station,161798.95,4446,17884
1023,2026-01,Grocery,532298.86,5669,19233
1023,2026-01,Fresh Produce,187301.99,2141,5580
1023,2026-01,Meat & Seafood,271110.18,3072,10319
1023,2026-01,Bakery,127945.68,1400,5566
1023,2026-01,Frozen Foods,214226.37,2620,6779
1023,2026-01,Beverages,274740.35,3860,17204
1023,2026-01,Household,303603.55,3527,13162
1023,2026-01,Electronics,183248.61,1787,4957
1023,2026-01,Health & Beauty,130264.3,1807,8022
1023,2026-01,Home & Garden,83581.36,950,3742
1023,2026-01,Apparel,80323.49,1039,3981
1023,2026-01,Gas Station,117496.82,2373,6425
1024,2026-01,Grocery,592010.95,6762,21407
1024,2026-01,Fresh Produce,215012.82,2308,7242
1024,2026-01,Meat & Seafood,331814.35,3575,10736
1024,2026-01,Bakery,145921.71,1875,6704
1024,2026-01,Frozen Foods,240295.18,2681,9773
1024,2026-01,Beverages,283839.75,3179,10924
1024,2026-01,Household,349100.1,4974,14929
1024,2026-01,Electronics,184774.25,2154,5830
1024,2026-01,Health & Beauty,148450.64,1460,6414
1024,2026-01,Home & Garden,87806.75,919,3181
1024,2026-01,Apparel,86270.89,1094,3223
1024,2026-01,Gas Station,136555.68,2660,10909
1025,2026-01,Grocery,486279.33,5118,14757
1025,2026-01,Fresh Produce,214194.51,2550,10093
1025,2026-01,Meat & Seafood,300972.4,2731,8794
1025,2026-01,Bakery,125141.19,1271,5670
1025,2026-01,Frozen Foods,205492.4,2324,7228
1025,2026-01,Beverages,278602.99,3634,15628
1025,2026-01,Household,290815.92,3858,12965
1025,2026-01,Electronics,178841.96,1977,6495
1025,2026-01,Health & Beauty,145803.83,1483,3825
1025,2026-01,Home & Garden,82627.9,885,3666
1025,2026-01,Apparel,86252.18,877,3559
1025,2026-01,Gas Station,118091.11,2892,10643
